[
  {
    "name": "1 Centavo® Vinho Tinto Regional Tejo",
    "href": "/p/vinhos-queijos-enchidos-da-nossa-terra/1-centavo-vinho-tinto-regional-tejo/p138303",
    "price": "2.49",
    "image": "https://pt.cat-ret.assets.lidl/catalog5media/pt/article/5909015/xs/5909015_01.jpg",
    "dateText": "30.01. - 12.02.",
    "quantityInfo": "Garrafa 0,75 L | 1 L = 3.32"
  },
  {
    "name": "3M® Fita Isoladora/ Reparação",
    "href": "/p/ferramentas-parkside/3m-fita-isoladora-reparacao/p138380",
    "price": "1.99",
    "image": "https://pt.cat-ret.assets.lidl/catalog5media/pt/article/499223/xs/499223_02.jpg",
    "dateText": "a partir de 09.02.",
    "quantityInfo": "Cada"
  },
  {
    "name": "7up® Refrigerante com Gás de Lima-Limão sem Açúcar",
    "href": "/p/promocoes-de-bebidas/7up-refrigerante-com-gas-de-lima-limao-sem-acucar/p138622",
    "price": "1.49",
    "image": "https://pt.cat-ret.assets.lidl/catalog5media/pt/article/597/xs/597_01.jpg",
    "dateText": "06.02. - 12.02.",
    "quantityInfo": "Cada garrafa 1,75 L | 1 L = 0.86"
  },
  {
    "name": "7up® Refrigerante com Gás de Lima-Limão sem Açúcar",
    "href": "/p/promocoes-de-bebidas/7up-refrigerante-com-gas-de-lima-limao-sem-acucar/p138622",
    "price": "1.49",
    "image": "https://pt.cat-ret.assets.lidl/catalog5media/pt/article/597/xs/597_01.jpg",
    "dateText": "06.02. - 12.02.",
    "quantityInfo": "Cada garrafa 1,75 L | 1 L = 0.86"
  },
  {
    "name": "A Minha Padaria® Cheesecake de Frutos Vermelhos/ Bolo Brigadeiro/ Red Velvet",
    "href": "/p/dia-de-sao-valentim/a-minha-padaria-cheesecake-de-frutos-vermelhos-bolo-brigadeiro-red-velvet/p138839",
    "price": "5.99",
    "image": "https://pt.cat-ret.assets.lidl/catalog5media/pt/article/5909710/xs/5909710_01.jpg",
    "dateText": "a partir de 06.02.",
    "quantityInfo": "Cada emb. 600 g/ 800 g | 1 kg = 9.99/ 7.49"
  },
  {
    "name": "A Minha Padaria® Cheesecake de Frutos Vermelhos/ Bolo Brigadeiro/ Red Velvet",
    "href": "/p/dia-de-sao-valentim/a-minha-padaria-cheesecake-de-frutos-vermelhos-bolo-brigadeiro-red-velvet/p138839",
    "price": "5.99",
    "image": "https://pt.cat-ret.assets.lidl/catalog5media/pt/article/5909710/xs/5909710_01.jpg",
    "dateText": "a partir de 06.02.",
    "quantityInfo": "Cada emb. 600 g/ 800 g | 1 kg = 9.99/ 7.49"
  },
  {
    "name": "Abóbora Manteiga Nacional",
    "href": "/p/promocoes-de-frutas-e-legumes/abobora-manteiga-nacional/p138560",
    "price": "1.09",
    "image": "https://pt.cat-ret.assets.lidl/catalog5media/pt/article/84612/xs/84612_01.jpg",
    "dateText": "06.02. - 15.02.",
    "quantityInfo": "/kg"
  },
  {
    "name": "Abóbora Manteiga Nacional",
    "href": "/p/promocoes-de-frutas-e-legumes/abobora-manteiga-nacional/p138560",
    "price": "1.09",
    "image": "https://pt.cat-ret.assets.lidl/catalog5media/pt/article/84612/xs/84612_01.jpg",
    "dateText": "06.02. - 15.02.",
    "quantityInfo": "/kg"
  },
  {
    "name": "Adega Mãe® Vinho Tinto/ Branco Regional Lisboa Reserva",
    "href": "/p/vinhos-queijos-enchidos-da-nossa-terra/adega-mae-vinho-tinto-branco-regional-lisboa-reserva/p138171",
    "price": "3.99",
    "image": "https://pt.cat-ret.assets.lidl/catalog5media/pt/article/5909544/xs/5909544_02.jpg",
    "dateText": "30.01. - 12.02.",
    "quantityInfo": "Cada garrafa 0,75 L | 1 L = 5.32"
  },
  {
    "name": "Alesto® Miolo de Noz",
    "href": "/p/promocoes-de-mercearia/alesto-miolo-de-noz/p138605",
    "price": "2.75",
    "image": "https://pt.cat-ret.assets.lidl/catalog5media/pt/article/6252/xs/6252.jpg",
    "dateText": "09.02. - 15.02.",
    "quantityInfo": "Emb. 200 g | 1 kg = 13.75"
  },
  {
    "name": "Alesto® Miolo de Noz",
    "href": "/p/promocoes-de-mercearia/alesto-miolo-de-noz/p138605",
    "price": "2.75",
    "image": "https://pt.cat-ret.assets.lidl/catalog5media/pt/article/6252/xs/6252.jpg",
    "dateText": "09.02. - 15.02.",
    "quantityInfo": "Emb. 200 g | 1 kg = 13.75"
  },
  {
    "name": "Alho Francês Nacional",
    "href": "/p/promocoes-de-frutas-e-legumes/alho-frances-nacional/p138558",
    "price": "1.39",
    "image": "https://pt.cat-ret.assets.lidl/catalog5media/pt/article/82260/xs/82260_01.jpg",
    "dateText": "06.02. - 15.02.",
    "quantityInfo": "Emb. 400 g | 1 kg = 3.48"
  },
  {
    "name": "Alho Francês Nacional",
    "href": "/p/promocoes-de-frutas-e-legumes/alho-frances-nacional/p138558",
    "price": "1.39",
    "image": "https://pt.cat-ret.assets.lidl/catalog5media/pt/article/82260/xs/82260_01.jpg",
    "dateText": "06.02. - 15.02.",
    "quantityInfo": "Emb. 400 g | 1 kg = 3.48"
  },
  {
    "name": "Alho Seco Nacional",
    "href": "/p/produtos-italianos/alho-seco-nacional/p138644",
    "price": "4.99",
    "image": "https://pt.cat-ret.assets.lidl/catalog5media/pt/article/30/xs/30_01.jpg",
    "dateText": "06.02. - 15.02.",
    "quantityInfo": "/kg"
  },
  {
    "name": "Alho Seco Nacional",
    "href": "/p/produtos-italianos/alho-seco-nacional/p138644",
    "price": "4.99",
    "image": "https://pt.cat-ret.assets.lidl/catalog5media/pt/article/30/xs/30_01.jpg",
    "dateText": "06.02. - 15.02.",
    "quantityInfo": "/kg"
  },
  {
    "name": "Almocreve® Vinho Tinto Regional Alentejano Reserva",
    "href": "/p/vinhos-queijos-enchidos-da-nossa-terra/almocreve-vinho-tinto-regional-alentejano-reserva/p138535",
    "price": "2.59",
    "image": "https://pt.cat-ret.assets.lidl/catalog5media/pt/article/5064/xs/5064_01.jpg",
    "dateText": "30.01. - 12.02.",
    "quantityInfo": "Garrafa 0,75 L | 1 L = 3.46"
  },
  {
    "name": "Almôndegas de Bovino com Tomate Seco",
    "href": "/p/produtos-italianos/almondegas-de-bovino-com-tomate-seco/p138695",
    "price": "3.19",
    "image": "https://pt.cat-ret.assets.lidl/catalog5media/pt/article/5903869/xs/5903869_01.jpg",
    "dateText": "a partir de 06.02.",
    "quantityInfo": "Emb. 350 g | 1 kg = 9.12"
  },
  {
    "name": "Almôndegas de Bovino com Tomate Seco",
    "href": "/p/produtos-italianos/almondegas-de-bovino-com-tomate-seco/p138695",
    "price": "3.19",
    "image": "https://pt.cat-ret.assets.lidl/catalog5media/pt/article/5903869/xs/5903869_01.jpg",
    "dateText": "a partir de 06.02.",
    "quantityInfo": "Emb. 350 g | 1 kg = 9.12"
  },
  {
    "name": "Aquapur® Pano de Limpeza em Microfibra ",
    "href": "/p/acessorios-e-artigos-de-casa-de-banho/aquapur-pano-de-limpeza-em-microfibra/p137687",
    "price": "3.99",
    "image": "https://pt.cat-ret.assets.lidl/catalog5media/pt/article/391625/xs/391625_06.jpg",
    "dateText": "a partir de 06.02.",
    "quantityInfo": "Cada emb."
  },
  {
    "name": "Armilar® Amaretto",
    "href": "/p/produtos-italianos/armilar-amaretto/p138679",
    "price": "7.99",
    "image": "https://pt.cat-ret.assets.lidl/catalog5media/pt/article/19005/xs/19005_01.jpg",
    "dateText": "a partir de 06.02.",
    "quantityInfo": "Garrafa 0,70 L | 1 L = 11.42"
  },
  {
    "name": "Armilar® Amaretto",
    "href": "/p/produtos-italianos/armilar-amaretto/p138679",
    "price": "7.99",
    "image": "https://pt.cat-ret.assets.lidl/catalog5media/pt/article/19005/xs/19005_01.jpg",
    "dateText": "a partir de 06.02.",
    "quantityInfo": "Garrafa 0,70 L | 1 L = 11.42"
  },
  {
    "name": "Artigos selecionados EA®",
    "href": "/p/vinhos-queijos-enchidos-da-nossa-terra/artigos-selecionados-ea/p138542",
    "price": "3.99",
    "image": "https://pt.cat-ret.assets.lidl/catalog5media/pt/article/1657/xs/1657_01.jpg",
    "dateText": "30.01. - 12.02.",
    "quantityInfo": ""
  },
  {
    "name": "Artigos selecionados Limiano®",
    "href": "/p/promocoes-de-frescos/artigos-selecionados-limiano/p138590",
    "price": "4.29",
    "image": "https://pt.cat-ret.assets.lidl/catalog5media/pt/article/2514/xs/2514_01.jpg",
    "dateText": "06.02. - 12.02.",
    "quantityInfo": ""
  },
  {
    "name": "Artigos selecionados Limiano®",
    "href": "/p/promocoes-de-frescos/artigos-selecionados-limiano/p138590",
    "price": "4.29",
    "image": "https://pt.cat-ret.assets.lidl/catalog5media/pt/article/2514/xs/2514_01.jpg",
    "dateText": "06.02. - 12.02.",
    "quantityInfo": ""
  },
  {
    "name": "Artigos selecionados Portal do Minho®",
    "href": "/p/vinhos-queijos-enchidos-da-nossa-terra/artigos-selecionados-portal-do-minho/p138173",
    "price": "2.79",
    "image": "https://pt.cat-ret.assets.lidl/catalog5media/pt/article/5111/xs/5111_01.jpg",
    "dateText": "30.01. - 12.02.",
    "quantityInfo": ""
  },
  {
    "name": "Artigos selecionados Quinta dos Moinhos Novos®",
    "href": "/p/vinhos-queijos-enchidos-da-nossa-terra/artigos-selecionados-quinta-dos-moinhos-novos/p138195",
    "price": "1.85",
    "image": "https://pt.cat-ret.assets.lidl/catalog5media/pt/article/5908933/xs/5908933_01.jpg",
    "dateText": "30.01. - 12.02.",
    "quantityInfo": ""
  },
  {
    "name": "Artigos selecionados Schweppes®",
    "href": "/p/promocoes-de-bebidas/artigos-selecionados-schweppes/p138626",
    "price": "1.24",
    "image": "https://pt.cat-ret.assets.lidl/catalog5media/pt/article/5905489/xs/5905489_01.jpg",
    "dateText": "09.02. - 15.02.",
    "quantityInfo": ""
  },
  {
    "name": "Artigos selecionados Schweppes®",
    "href": "/p/promocoes-de-bebidas/artigos-selecionados-schweppes/p138626",
    "price": "1.24",
    "image": "https://pt.cat-ret.assets.lidl/catalog5media/pt/article/5905489/xs/5905489_01.jpg",
    "dateText": "09.02. - 15.02.",
    "quantityInfo": ""
  },
  {
    "name": "Artigos selecionados Solevita®",
    "href": "/p/promocoes-de-bebidas/artigos-selecionados-solevita/p138618",
    "price": "0.85",
    "image": "https://pt.cat-ret.assets.lidl/catalog5media/pt/article/5207/xs/5207_01.jpg",
    "dateText": "06.02. - 12.02.",
    "quantityInfo": ""
  },
  {
    "name": "Artigos selecionados Solevita®",
    "href": "/p/promocoes-de-bebidas/artigos-selecionados-solevita/p138618",
    "price": "0.85",
    "image": "https://pt.cat-ret.assets.lidl/catalog5media/pt/article/5207/xs/5207_01.jpg",
    "dateText": "06.02. - 12.02.",
    "quantityInfo": ""
  },
  {
    "name": "Assobio® Vinho Tinto Douro DOC",
    "href": "/p/vinhos-queijos-enchidos-da-nossa-terra/assobio-vinho-tinto-douro-doc/p138289",
    "price": "5.99",
    "image": "https://pt.cat-ret.assets.lidl/catalog5media/pt/article/1671/xs/1671_01.jpg",
    "dateText": "30.01. - 12.02.",
    "quantityInfo": "Garrafa 0,75 L | 1 L = 7.99"
  },
  {
    "name": "Atalaya® Vinho Tinto Regional Beira Interior",
    "href": "/p/vinhos-queijos-enchidos-da-nossa-terra/atalaya-vinho-tinto-regional-beira-interior/p138182",
    "price": "2.39",
    "image": "https://pt.cat-ret.assets.lidl/catalog5media/pt/article/5908696/xs/5908696_01.jpg",
    "dateText": "30.01. - 12.02.",
    "quantityInfo": "Garrafa 0,75 L | 1 L = 3.19"
  },
  {
    "name": "Auriol® Conjunto de Relógio e Pulseira para Senhora",
    "href": "/p/dia-de-sao-valentim/auriol-conjunto-de-relogio-e-pulseira-para-senhora/p138314",
    "price": "9.99",
    "image": "https://pt.cat-ret.assets.lidl/catalog5media/pt/article/373862/xs/373862_01.jpg",
    "dateText": "a partir de 06.02.",
    "quantityInfo": "Cada conj."
  },
  {
    "name": "Auriol® Sensor de Temperatura e Humidade",
    "href": "/p/acessorios-e-artigos-de-casa-de-banho/auriol-sensor-de-temperatura-e-humidade/p138336",
    "price": "9.99",
    "image": "https://pt.cat-ret.assets.lidl/catalog5media/pt/article/414697/xs/414697_03.jpg",
    "dateText": "a partir de 06.02.",
    "quantityInfo": "Cada"
  },
  {
    "name": "Aveleda® Vinho Verde Branco DOC Loureiro e Alvarinho",
    "href": "/p/vinhos-queijos-enchidos-da-nossa-terra/aveleda-vinho-verde-branco-doc-loureiro-e-alvarinho/p138285",
    "price": "3.99",
    "image": "https://pt.cat-ret.assets.lidl/catalog5media/pt/article/1223/xs/1223_01.jpg",
    "dateText": "a partir de 30.01.",
    "quantityInfo": "Garrafa 0,75 L | 1 L = 5.32"
  },
  {
    "name": "Azinhaga de Ouro® Vinho Tinto Douro DOC Reserva",
    "href": "/p/vinhos-queijos-enchidos-da-nossa-terra/azinhaga-de-ouro-vinho-tinto-douro-doc-reserva/p138180",
    "price": "2.39",
    "image": "https://pt.cat-ret.assets.lidl/catalog5media/pt/article/5097/xs/5097_01.jpg",
    "dateText": "30.01. - 12.02.",
    "quantityInfo": "Garrafa 0,75 L | 1 L = 3.19"
  },
  {
    "name": "Batata‑doce Amarela/ Laranja Nacional",
    "href": "/p/promocoes-de-frutas-e-legumes/batata-doce-amarela-laranja-nacional/p138559",
    "price": "1.49",
    "image": "https://pt.cat-ret.assets.lidl/catalog5media/pt/article/80755/xs/80755_01.jpg",
    "dateText": "06.02. - 15.02.",
    "quantityInfo": "Emb. 1 kg | /kg"
  },
  {
    "name": "Batata‑doce Amarela/ Laranja Nacional",
    "href": "/p/promocoes-de-frutas-e-legumes/batata-doce-amarela-laranja-nacional/p138559",
    "price": "1.49",
    "image": "https://pt.cat-ret.assets.lidl/catalog5media/pt/article/80755/xs/80755_01.jpg",
    "dateText": "06.02. - 15.02.",
    "quantityInfo": "Emb. 1 kg | /kg"
  },
  {
    "name": "Belbake® Açúcar Mascavado",
    "href": "/p/promocoes-de-mercearia/belbake-acucar-mascavado/p138607",
    "price": "1.19",
    "image": "https://pt.cat-ret.assets.lidl/catalog5media/pt/article/5903564/xs/5903564_01.jpg",
    "dateText": "09.02. - 15.02.",
    "quantityInfo": "Emb. 500 g | 1 kg = 2.38"
  },
  {
    "name": "Belbake® Açúcar Mascavado",
    "href": "/p/promocoes-de-mercearia/belbake-acucar-mascavado/p138607",
    "price": "1.19",
    "image": "https://pt.cat-ret.assets.lidl/catalog5media/pt/article/5903564/xs/5903564_01.jpg",
    "dateText": "09.02. - 15.02.",
    "quantityInfo": "Emb. 500 g | 1 kg = 2.38"
  },
  {
    "name": "Bife da Alcatra de Novilho",
    "href": "/p/promocoes-de-carne/bife-da-alcatra-de-novilho/p138573",
    "price": "5.69",
    "image": "https://pt.cat-ret.assets.lidl/catalog5media/pt/article/3520/xs/3520_01.jpg",
    "dateText": "09.02. - 15.02.",
    "quantityInfo": "Emb. 400 g | 1 kg = 14.23"
  },
  {
    "name": "Bife da Alcatra de Novilho",
    "href": "/p/promocoes-de-carne/bife-da-alcatra-de-novilho/p138573",
    "price": "5.69",
    "image": "https://pt.cat-ret.assets.lidl/catalog5media/pt/article/3520/xs/3520_01.jpg",
    "dateText": "09.02. - 15.02.",
    "quantityInfo": "Emb. 400 g | 1 kg = 14.23"
  },
  {
    "name": "Bife da Vazia de Novilho",
    "href": "/p/promocoes-de-carne/bife-da-vazia-de-novilho/p138568",
    "price": "6.12",
    "image": "https://pt.cat-ret.assets.lidl/catalog5media/pt/article/5903848/xs/5903848_01.jpg",
    "dateText": "06.02. - 12.02.",
    "quantityInfo": "Emb. 350 g | 1 kg = 17.49"
  },
  {
    "name": "Bife da Vazia de Novilho",
    "href": "/p/promocoes-de-carne/bife-da-vazia-de-novilho/p138568",
    "price": "6.12",
    "image": "https://pt.cat-ret.assets.lidl/catalog5media/pt/article/5903848/xs/5903848_01.jpg",
    "dateText": "06.02. - 12.02.",
    "quantityInfo": "Emb. 350 g | 1 kg = 17.49"
  },
  {
    "name": "Bio Curgete",
    "href": "/p/promocoes-de-frutas-e-legumes/bio-curgete/p138562",
    "price": "1.99",
    "image": "https://pt.cat-ret.assets.lidl/catalog5media/pt/article/82345/xs/82345_01.jpg",
    "dateText": "06.02. - 15.02.",
    "quantityInfo": "Emb. 500 g | 1 kg = 3.98"
  },
  {
    "name": "Bio Curgete",
    "href": "/p/promocoes-de-frutas-e-legumes/bio-curgete/p138562",
    "price": "1.99",
    "image": "https://pt.cat-ret.assets.lidl/catalog5media/pt/article/82345/xs/82345_01.jpg",
    "dateText": "06.02. - 15.02.",
    "quantityInfo": "Emb. 500 g | 1 kg = 3.98"
  },
  {
    "name": "Bon Gelati® Gelado de Morango",
    "href": "/p/promocoes-de-frescos/bon-gelati-gelado-de-morango/p138592",
    "price": "2.49",
    "image": "https://pt.cat-ret.assets.lidl/catalog5media/pt/article/7126/xs/7126_01.jpg",
    "dateText": "06.02. - 12.02.",
    "quantityInfo": "Emb. 1 L"
  },
  {
    "name": "Bon Gelati® Gelado de Morango",
    "href": "/p/promocoes-de-frescos/bon-gelati-gelado-de-morango/p138592",
    "price": "2.49",
    "image": "https://pt.cat-ret.assets.lidl/catalog5media/pt/article/7126/xs/7126_01.jpg",
    "dateText": "06.02. - 12.02.",
    "quantityInfo": "Emb. 1 L"
  },
  {
    "name": "Bref Sonasol® Bloco Sanitário Triplo Poder Ativo",
    "href": "/p/promocoes-de-higiene-e-limpeza/bref-sonasol-bloco-sanitario-triplo-poder-ativo/p138633",
    "price": "4.39",
    "image": "https://pt.cat-ret.assets.lidl/catalog5media/pt/article/217/xs/217_01.jpg",
    "dateText": "a partir de 06.02.",
    "quantityInfo": "Emb. 3x50 g | 1 kg = 29.27"
  },
  {
    "name": "Bref Sonasol® Bloco Sanitário Triplo Poder Ativo",
    "href": "/p/promocoes-de-higiene-e-limpeza/bref-sonasol-bloco-sanitario-triplo-poder-ativo/p138633",
    "price": "4.39",
    "image": "https://pt.cat-ret.assets.lidl/catalog5media/pt/article/217/xs/217_01.jpg",
    "dateText": "a partir de 06.02.",
    "quantityInfo": "Emb. 3x50 g | 1 kg = 29.27"
  },
  {
    "name": "Cabriz® Vinho Tinto Dão DOC Colheita Selecionada",
    "href": "/p/vinhos-queijos-enchidos-da-nossa-terra/cabriz-vinho-tinto-dao-doc-colheita-selecionada/p138298",
    "price": "3.49",
    "image": "https://pt.cat-ret.assets.lidl/catalog5media/pt/article/5904143/xs/5904143_02.jpg",
    "dateText": "30.01. - 12.02.",
    "quantityInfo": "Garrafa 0,75 L | 1 L = 4.66"
  },
  {
    "name": "Cachaço de Porco",
    "href": "/p/promocoes-de-carne/cachaco-de-porco/p138566",
    "price": "3.99",
    "image": "https://pt.cat-ret.assets.lidl/catalog5media/pt/article/5902186/xs/5902186_01.jpg",
    "dateText": "06.02. - 12.02.",
    "quantityInfo": "/kg"
  },
  {
    "name": "Cachaço de Porco",
    "href": "/p/promocoes-de-carne/cachaco-de-porco/p138566",
    "price": "3.99",
    "image": "https://pt.cat-ret.assets.lidl/catalog5media/pt/article/5902186/xs/5902186_01.jpg",
    "dateText": "06.02. - 12.02.",
    "quantityInfo": "/kg"
  },
  {
    "name": "Cacho Fresco® Vinho Branco/ Rosé Regional Tejo",
    "href": "/p/vinhos-queijos-enchidos-da-nossa-terra/cacho-fresco-vinho-branco-rose-regional-tejo/p138302",
    "price": "1.69",
    "image": "https://pt.cat-ret.assets.lidl/catalog5media/pt/article/5905218/xs/5905218_01.jpg",
    "dateText": "30.01. - 12.02.",
    "quantityInfo": "Cada garrafa 0,75 L | 1 L = 2.26"
  },
  {
    "name": "Calla em Vaso de Cerâmica",
    "href": "/p/dia-de-sao-valentim/calla-em-vaso-de-ceramica/p138843",
    "price": "7.99",
    "image": "https://pt.cat-ret.assets.lidl/catalog5media/pt/article/169393/xs/169393_03.jpg",
    "dateText": "a partir de 09.02.",
    "quantityInfo": "Cada unid."
  },
  {
    "name": "Calla em Vaso de Cerâmica",
    "href": "/p/dia-de-sao-valentim/calla-em-vaso-de-ceramica/p138843",
    "price": "7.99",
    "image": "https://pt.cat-ret.assets.lidl/catalog5media/pt/article/169393/xs/169393_03.jpg",
    "dateText": "a partir de 09.02.",
    "quantityInfo": "Cada unid."
  },
  {
    "name": "Camarão Cozido Selvagem de Madagáscar 60/ 80",
    "href": "/p/promocoes-de-peixe/camarao-cozido-selvagem-de-madagascar-60-80/p138582",
    "price": "5.19",
    "image": "https://pt.cat-ret.assets.lidl/catalog5media/pt/article/5909066/xs/5909066_01.jpg",
    "dateText": "09.02. - 15.02.",
    "quantityInfo": "Emb. 400 g | 1 kg = 12.98"
  },
  {
    "name": "Camarão Cozido Selvagem de Madagáscar 60/ 80",
    "href": "/p/promocoes-de-peixe/camarao-cozido-selvagem-de-madagascar-60-80/p138582",
    "price": "5.19",
    "image": "https://pt.cat-ret.assets.lidl/catalog5media/pt/article/5909066/xs/5909066_01.jpg",
    "dateText": "09.02. - 15.02.",
    "quantityInfo": "Emb. 400 g | 1 kg = 12.98"
  },
  {
    "name": "Carta® Vinho Tinto Regional Alentejano",
    "href": "/p/vinhos-queijos-enchidos-da-nossa-terra/carta-vinho-tinto-regional-alentejano/p138543",
    "price": "4.99",
    "image": "https://pt.cat-ret.assets.lidl/catalog5media/pt/article/5909780/xs/5909780_01.jpg",
    "dateText": "30.01. - 12.02.",
    "quantityInfo": "Garrafa 0,75 L | 1 L = 6.66"
  },
  {
    "name": "Casa de Santar® Vinho Tinto Dão DOC",
    "href": "/p/vinhos-queijos-enchidos-da-nossa-terra/casa-de-santar-vinho-tinto-dao-doc/p138299",
    "price": "5.49",
    "image": "https://pt.cat-ret.assets.lidl/catalog5media/pt/article/5905766/xs/5905766_02.jpg",
    "dateText": "a partir de 30.01.",
    "quantityInfo": "Garrafa 0,75 L | 1 L = 7.32"
  },
  {
    "name": "Castelo da Lapa® Espumante Meio Seco/ Bruto Rosé",
    "href": "/p/dia-de-sao-valentim/castelo-da-lapa-espumante-meio-seco-bruto-rose/p138831",
    "price": "2.59",
    "image": "https://pt.cat-ret.assets.lidl/catalog5media/pt/article/1531/xs/1531_01.jpg",
    "dateText": "06.02. - 15.02.",
    "quantityInfo": "Cada garrafa 0,75 L | 1 L = 3.46"
  },
  {
    "name": "Castelo da Lapa® Espumante Meio Seco/ Bruto Rosé",
    "href": "/p/dia-de-sao-valentim/castelo-da-lapa-espumante-meio-seco-bruto-rose/p138831",
    "price": "2.59",
    "image": "https://pt.cat-ret.assets.lidl/catalog5media/pt/article/1531/xs/1531_01.jpg",
    "dateText": "06.02. - 15.02.",
    "quantityInfo": "Cada garrafa 0,75 L | 1 L = 3.46"
  },
  {
    "name": "Castelo de Borba® Vinho Tinto/ Branco Alentejo DOC",
    "href": "/p/vinhos-queijos-enchidos-da-nossa-terra/castelo-de-borba-vinho-tinto-branco-alentejo-doc/p138536",
    "price": "2.49",
    "image": "https://pt.cat-ret.assets.lidl/catalog5media/pt/article/5902534/xs/5902534_01.jpg",
    "dateText": "a partir de 30.01.",
    "quantityInfo": "Cada garrafa 0,75 L | 1 L = 3.32"
  },
  {
    "name": "Chalotas",
    "href": "/p/promocoes-de-frutas-e-legumes/chalotas/p138561",
    "price": "1.69",
    "image": "https://pt.cat-ret.assets.lidl/catalog5media/pt/article/82833/xs/82833_01.jpg",
    "dateText": "06.02. - 15.02.",
    "quantityInfo": "Emb. 500 g | 1 kg = 3.38"
  },
  {
    "name": "Chalotas",
    "href": "/p/promocoes-de-frutas-e-legumes/chalotas/p138561",
    "price": "1.69",
    "image": "https://pt.cat-ret.assets.lidl/catalog5media/pt/article/82833/xs/82833_01.jpg",
    "dateText": "06.02. - 15.02.",
    "quantityInfo": "Emb. 500 g | 1 kg = 3.38"
  },
  {
    "name": "Chão de Pias® Vinho Tinto",
    "href": "/p/promocoes-de-bebidas/chao-de-pias-vinho-tinto/p138619",
    "price": "5.99",
    "image": "https://pt.cat-ret.assets.lidl/catalog5media/pt/article/5904742/xs/5904742_01.jpg",
    "dateText": "a partir de 06.02.",
    "quantityInfo": "Emb. 5 L | 1 L = 1.20"
  },
  {
    "name": "Chão de Pias® Vinho Tinto",
    "href": "/p/promocoes-de-bebidas/chao-de-pias-vinho-tinto/p138619",
    "price": "5.99",
    "image": "https://pt.cat-ret.assets.lidl/catalog5media/pt/article/5904742/xs/5904742_01.jpg",
    "dateText": "a partir de 06.02.",
    "quantityInfo": "Emb. 5 L | 1 L = 1.20"
  },
  {
    "name": "Chef Select® Massa Folhada Rectangular/ Redonda",
    "href": "/p/promocoes-de-frescos/chef-select-massa-folhada-rectangular-redonda/p138599",
    "price": "0.89",
    "image": "https://pt.cat-ret.assets.lidl/catalog5media/pt/article/37529/xs/37529_01.jpg",
    "dateText": "09.02. - 15.02.",
    "quantityInfo": "Cada emb. 230 g/ 275 g | 1 kg = 3.87/ 3.24"
  },
  {
    "name": "Chef Select® Massa Folhada Rectangular/ Redonda",
    "href": "/p/promocoes-de-frescos/chef-select-massa-folhada-rectangular-redonda/p138599",
    "price": "0.89",
    "image": "https://pt.cat-ret.assets.lidl/catalog5media/pt/article/37529/xs/37529_01.jpg",
    "dateText": "09.02. - 15.02.",
    "quantityInfo": "Cada emb. 230 g/ 275 g | 1 kg = 3.87/ 3.24"
  },
  {
    "name": "Chef Select® Pizza Fresca",
    "href": "/p/produtos-italianos/chef-select-pizza-fresca/p138662",
    "price": "2.49",
    "image": "https://pt.cat-ret.assets.lidl/catalog5media/pt/article/3117/xs/3117_01.jpg",
    "dateText": "06.02. - 15.02.",
    "quantityInfo": "Emb. 375 g - 450 g | 1 kg = 6.64 - 5.54"
  },
  {
    "name": "Chef Select® Pizza Fresca",
    "href": "/p/produtos-italianos/chef-select-pizza-fresca/p138662",
    "price": "2.49",
    "image": "https://pt.cat-ret.assets.lidl/catalog5media/pt/article/3117/xs/3117_01.jpg",
    "dateText": "06.02. - 15.02.",
    "quantityInfo": "Emb. 375 g - 450 g | 1 kg = 6.64 - 5.54"
  },
  {
    "name": "Cien® Creme/ Sérum Gold",
    "href": "/p/promocoes-de-higiene-e-limpeza/cien-creme-serum-gold/p138637",
    "price": "4.99",
    "image": "https://pt.cat-ret.assets.lidl/catalog5media/pt/article/5715998/xs/5715998_01.jpg",
    "dateText": "09.02. - 15.02.",
    "quantityInfo": "Cada emb. 15 ml - 50 ml | 1 L = 33.27 - 9.98"
  },
  {
    "name": "Cien® Creme/ Sérum Gold",
    "href": "/p/promocoes-de-higiene-e-limpeza/cien-creme-serum-gold/p138637",
    "price": "4.99",
    "image": "https://pt.cat-ret.assets.lidl/catalog5media/pt/article/5715998/xs/5715998_01.jpg",
    "dateText": "09.02. - 15.02.",
    "quantityInfo": "Cada emb. 15 ml - 50 ml | 1 L = 33.27 - 9.98"
  },
  {
    "name": "Cien® Sabonete Líquido Limpeza",
    "href": "/p/promocoes-de-higiene-e-limpeza/cien-sabonete-liquido-limpeza/p138634",
    "price": "1.09",
    "image": "https://pt.cat-ret.assets.lidl/catalog5media/pt/article/166333/xs/166333_01.jpg",
    "dateText": "06.02. - 12.02.",
    "quantityInfo": "Emb. 500 ml | 1 kg = 2.18"
  },
  {
    "name": "Cien® Sabonete Líquido Limpeza",
    "href": "/p/promocoes-de-higiene-e-limpeza/cien-sabonete-liquido-limpeza/p138634",
    "price": "1.09",
    "image": "https://pt.cat-ret.assets.lidl/catalog5media/pt/article/166333/xs/166333_01.jpg",
    "dateText": "06.02. - 12.02.",
    "quantityInfo": "Emb. 500 ml | 1 kg = 2.18"
  },
  {
    "name": "Compal® Néctar de Manga Madalena/ Laranja do Algarve",
    "href": "/p/promocoes-de-bebidas/compal-nectar-de-manga-madalena-laranja-do-algarve/p138625",
    "price": "1.35",
    "image": "https://pt.cat-ret.assets.lidl/catalog5media/pt/article/5923/xs/5923_01.jpg",
    "dateText": "09.02. - 15.02.",
    "quantityInfo": "Cada emb. 1 L"
  },
  {
    "name": "Compal® Néctar de Manga Madalena/ Laranja do Algarve",
    "href": "/p/promocoes-de-bebidas/compal-nectar-de-manga-madalena-laranja-do-algarve/p138625",
    "price": "1.35",
    "image": "https://pt.cat-ret.assets.lidl/catalog5media/pt/article/5923/xs/5923_01.jpg",
    "dateText": "09.02. - 15.02.",
    "quantityInfo": "Cada emb. 1 L"
  },
  {
    "name": "Coração de Berlim",
    "href": "/p/dia-de-sao-valentim/coracao-de-berlim/p138826",
    "price": "0.59",
    "image": "https://pt.cat-ret.assets.lidl/catalog5media/pt/article/135472/xs/135472_01.jpg",
    "dateText": "a partir de 06.02.",
    "quantityInfo": "Cada unid. 65 g | 1 kg = 9.08"
  },
  {
    "name": "Coração de Berlim",
    "href": "/p/dia-de-sao-valentim/coracao-de-berlim/p138826",
    "price": "0.59",
    "image": "https://pt.cat-ret.assets.lidl/catalog5media/pt/article/135472/xs/135472_01.jpg",
    "dateText": "a partir de 06.02.",
    "quantityInfo": "Cada unid. 65 g | 1 kg = 9.08"
  },
  {
    "name": "Costeleta de Bovino",
    "href": "/p/promocoes-de-carne/costeleta-de-bovino/p138574",
    "price": "7.49",
    "image": "https://pt.cat-ret.assets.lidl/catalog5media/pt/article/6500782/xs/6500782_01.jpg",
    "dateText": "09.02. - 15.02.",
    "quantityInfo": "Emb. 400 g | 1 kg = 18.73"
  },
  {
    "name": "Costeleta de Bovino",
    "href": "/p/promocoes-de-carne/costeleta-de-bovino/p138574",
    "price": "7.49",
    "image": "https://pt.cat-ret.assets.lidl/catalog5media/pt/article/6500782/xs/6500782_01.jpg",
    "dateText": "09.02. - 15.02.",
    "quantityInfo": "Emb. 400 g | 1 kg = 18.73"
  },
  {
    "name": "Coxa de Peru",
    "href": "/p/promocoes-de-carne/coxa-de-peru/p138565",
    "price": "5.99",
    "image": "https://pt.cat-ret.assets.lidl/catalog5media/pt/article/5910422/xs/5910422_01.jpg",
    "dateText": "a partir de 06.02.",
    "quantityInfo": "/kg"
  },
  {
    "name": "Coxa de Peru",
    "href": "/p/promocoes-de-carne/coxa-de-peru/p138565",
    "price": "5.99",
    "image": "https://pt.cat-ret.assets.lidl/catalog5media/pt/article/5910422/xs/5910422_01.jpg",
    "dateText": "a partir de 06.02.",
    "quantityInfo": "/kg"
  },
  {
    "name": "Croissant Brioche com Recheio de Cacau/ Creme",
    "href": "/p/promocoes-de-frescos/croissant-brioche-com-recheio-de-cacau-creme/p138589",
    "price": "0.79",
    "image": "https://pt.cat-ret.assets.lidl/catalog5media/pt/article/5902901/xs/5902901_01.jpg",
    "dateText": "06.02. - 12.02.",
    "quantityInfo": "Cada unid. 100 g"
  },
  {
    "name": "Croissant Brioche com Recheio de Cacau/ Creme",
    "href": "/p/promocoes-de-frescos/croissant-brioche-com-recheio-de-cacau-creme/p138589",
    "price": "0.79",
    "image": "https://pt.cat-ret.assets.lidl/catalog5media/pt/article/5902901/xs/5902901_01.jpg",
    "dateText": "06.02. - 12.02.",
    "quantityInfo": "Cada unid. 100 g"
  },
  {
    "name": "Crownfield® Neo Pillows",
    "href": "/p/promocoes-de-mercearia/crownfield-neo-pillows/p138600",
    "price": "1.59",
    "image": "https://pt.cat-ret.assets.lidl/catalog5media/pt/article/149902/xs/149902_01.jpg",
    "dateText": "06.02. - 12.02.",
    "quantityInfo": "Emb. 500 g | 1 kg = 3.18"
  },
  {
    "name": "Crownfield® Neo Pillows",
    "href": "/p/promocoes-de-mercearia/crownfield-neo-pillows/p138600",
    "price": "1.59",
    "image": "https://pt.cat-ret.assets.lidl/catalog5media/pt/article/149902/xs/149902_01.jpg",
    "dateText": "06.02. - 12.02.",
    "quantityInfo": "Emb. 500 g | 1 kg = 3.18"
  },
  {
    "name": "Cymbidium",
    "href": "/p/dia-de-sao-valentim/cymbidium/p138845",
    "price": "14.99",
    "image": "https://pt.cat-ret.assets.lidl/catalog5media/pt/article/62708/xs/62708_12.jpg",
    "dateText": "a partir de 09.02.",
    "quantityInfo": "Cada unid."
  },
  {
    "name": "Cymbidium",
    "href": "/p/dia-de-sao-valentim/cymbidium/p138845",
    "price": "14.99",
    "image": "https://pt.cat-ret.assets.lidl/catalog5media/pt/article/62708/xs/62708_12.jpg",
    "dateText": "a partir de 09.02.",
    "quantityInfo": "Cada unid."
  },
  {
    "name": "Da Minha Terra® Alheira de Mirandela - IGP",
    "href": "/p/vinhos-queijos-enchidos-da-nossa-terra/da-minha-terra-alheira-de-mirandela-igp/p138552",
    "price": "1.35",
    "image": "https://pt.cat-ret.assets.lidl/catalog5media/pt/article/5903507/xs/5903507_01.jpg",
    "dateText": "30.01. - 12.02.",
    "quantityInfo": "Emb. 200 g | 1 kg = 6.75"
  },
  {
    "name": "Da Minha Terra® Alheira de Mirandela IGP",
    "href": "/p/vinhos-queijos-enchidos-da-nossa-terra/da-minha-terra-alheira-de-mirandela-igp/p138204",
    "price": "1.35",
    "image": "https://pt.cat-ret.assets.lidl/catalog5media/pt/article/5903507/xs/5903507_01.jpg",
    "dateText": "30.01. - 12.02.",
    "quantityInfo": "Emb. 200 g | 1 kg = 6.75"
  },
  {
    "name": "Da Minha Terra® Chourição Receita de Seia",
    "href": "/p/vinhos-queijos-enchidos-da-nossa-terra/da-minha-terra-chouricao-receita-de-seia/p138185",
    "price": "1.49",
    "image": "https://pt.cat-ret.assets.lidl/catalog5media/pt/article/5904382/xs/5904382_01.jpg",
    "dateText": "30.01. - 12.02.",
    "quantityInfo": "Emb. 150 g | 1 kg = 9.94"
  },
  {
    "name": "Da Minha Terra® Chouriço Receita de Lamego",
    "href": "/p/vinhos-queijos-enchidos-da-nossa-terra/da-minha-terra-chourico-receita-de-lamego/p138203",
    "price": "1.79",
    "image": "https://pt.cat-ret.assets.lidl/catalog5media/pt/article/5901155/xs/5901155_01.jpg",
    "dateText": "30.01. - 12.02.",
    "quantityInfo": "Emb. 200 g | 1 kg = 8.95"
  },
  {
    "name": "Da Minha Terra® Chouriço Receita de Seia",
    "href": "/p/vinhos-queijos-enchidos-da-nossa-terra/da-minha-terra-chourico-receita-de-seia/p138183",
    "price": "2.05",
    "image": "https://pt.cat-ret.assets.lidl/catalog5media/pt/article/5904465/xs/5904465_01.jpg",
    "dateText": "30.01. - 12.02.",
    "quantityInfo": "Emb. 200 g | 1 kg = 10.25"
  },
  {
    "name": "Da Minha Terra® Farinheira Receita de Lamego",
    "href": "/p/vinhos-queijos-enchidos-da-nossa-terra/da-minha-terra-farinheira-receita-de-lamego/p138202",
    "price": "1.09",
    "image": "https://pt.cat-ret.assets.lidl/catalog5media/pt/article/5910019/xs/5910019_01.jpg",
    "dateText": "30.01. - 12.02.",
    "quantityInfo": "Emb. 200 g | 1 kg = 5.45"
  },
  {
    "name": "Da Minha Terra® Farinheira/ Morcela Receita de Seia",
    "href": "/p/vinhos-queijos-enchidos-da-nossa-terra/da-minha-terra-farinheira-morcela-receita-de-seia/p138205",
    "price": "1.19",
    "image": "https://pt.cat-ret.assets.lidl/catalog5media/pt/article/5904438/xs/5904438_02.jpg",
    "dateText": "30.01. - 12.02.",
    "quantityInfo": "Emb. 200 g | 1 kg = 5.95"
  },
  {
    "name": "Da Minha Terra® Painho Receita Alentejana",
    "href": "/p/vinhos-queijos-enchidos-da-nossa-terra/da-minha-terra-painho-receita-alentejana/p138213",
    "price": "2.49",
    "image": "https://pt.cat-ret.assets.lidl/catalog5media/pt/article/5901437/xs/5901437_01.jpg",
    "dateText": "30.01. - 12.02.",
    "quantityInfo": "Emb. 150 g | 1 kg = 16.60"
  },
  {
    "name": "Da Minha Terra® Presunto de Porco Preto Fatiado",
    "href": "/p/vinhos-queijos-enchidos-da-nossa-terra/da-minha-terra-presunto-de-porco-preto-fatiado/p138193",
    "price": "2.75",
    "image": "https://pt.cat-ret.assets.lidl/catalog5media/pt/article/5907271/xs/5907271_01.jpg",
    "dateText": "30.01. - 12.02.",
    "quantityInfo": "Emb. 55 g | 100 g = 5.00"
  },
  {
    "name": "Da Minha Terra® Queijo da Ilha",
    "href": "/p/vinhos-queijos-enchidos-da-nossa-terra/da-minha-terra-queijo-da-ilha/p138200",
    "price": "4.69",
    "image": "https://pt.cat-ret.assets.lidl/catalog5media/pt/article/5907019/xs/5907019_01.jpg",
    "dateText": "30.01. - 12.02.",
    "quantityInfo": "Emb. 400 g | 1 kg = 11.73"
  },
  {
    "name": "Da Minha Terra® Tábua de Porco Preto",
    "href": "/p/vinhos-queijos-enchidos-da-nossa-terra/da-minha-terra-tabua-de-porco-preto/p138550",
    "price": "2.39",
    "image": "https://pt.cat-ret.assets.lidl/catalog5media/pt/article/5907398/xs/5907398_01.jpg",
    "dateText": "30.01. - 12.02.",
    "quantityInfo": "Emb. 70 g | 100g = 3.42"
  },
  {
    "name": "Delta® Café em Grão/ Moído Lote Chávena",
    "href": "/p/promocoes-de-mercearia/delta-cafe-em-grao-moido-lote-chavena/p138603",
    "price": "2.39",
    "image": "https://pt.cat-ret.assets.lidl/catalog5media/pt/article/5906436/xs/5906436_01.jpg",
    "dateText": "a partir de 06.02.",
    "quantityInfo": "Emb. 250 g | 1 kg = 9.56"
  },
  {
    "name": "Delta® Café em Grão/ Moído Lote Chávena",
    "href": "/p/promocoes-de-mercearia/delta-cafe-em-grao-moido-lote-chavena/p138603",
    "price": "2.39",
    "image": "https://pt.cat-ret.assets.lidl/catalog5media/pt/article/5906436/xs/5906436_01.jpg",
    "dateText": "a partir de 06.02.",
    "quantityInfo": "Emb. 250 g | 1 kg = 9.56"
  },
  {
    "name": "Deluxe® Queijo Cheddar",
    "href": "/p/promocoes-de-frescos/deluxe-queijo-cheddar/p138591",
    "price": "2.08",
    "image": "https://pt.cat-ret.assets.lidl/catalog5media/pt/article/5200783/xs/5200783_02.jpg",
    "dateText": "a partir de 06.02.",
    "quantityInfo": "Cada emb. 250 g | 1 kg = 11.96"
  },
  {
    "name": "Deluxe® Queijo Cheddar",
    "href": "/p/promocoes-de-frescos/deluxe-queijo-cheddar/p138591",
    "price": "2.08",
    "image": "https://pt.cat-ret.assets.lidl/catalog5media/pt/article/5200783/xs/5200783_02.jpg",
    "dateText": "a partir de 06.02.",
    "quantityInfo": "Cada emb. 250 g | 1 kg = 11.96"
  },
  {
    "name": "Descobre® Vinho Tinto Douro DOC",
    "href": "/p/vinhos-queijos-enchidos-da-nossa-terra/descobre-vinho-tinto-douro-doc/p138295",
    "price": "2.59",
    "image": "https://pt.cat-ret.assets.lidl/catalog5media/pt/article/5906217/xs/5906217_01.jpg",
    "dateText": "a partir de 30.01.",
    "quantityInfo": "Garrafa 0,75 L | 1 L = 3.46"
  },
  {
    "name": "Descobre® Vinho Tinto Douro DOC Reserva",
    "href": "/p/vinhos-queijos-enchidos-da-nossa-terra/descobre-vinho-tinto-douro-doc-reserva/p138292",
    "price": "2.99",
    "image": "https://pt.cat-ret.assets.lidl/catalog5media/pt/article/5910259/xs/5910259_01.jpg",
    "dateText": "a partir de 30.01.",
    "quantityInfo": "Garrafa 0,75 L | 1 L = 3.99"
  },
  {
    "name": "Deu la Deu® Vinho Verde Branco DOC Alvarinho",
    "href": "/p/vinhos-queijos-enchidos-da-nossa-terra/deu-la-deu-vinho-verde-branco-doc-alvarinho/p138283",
    "price": "5.39",
    "image": "https://pt.cat-ret.assets.lidl/catalog5media/pt/article/5905208/xs/5905208_01.jpg",
    "dateText": "30.01. - 12.02.",
    "quantityInfo": "Garrafa 0,75 L | 1 L = 7.19"
  },
  {
    "name": "Dona Ermelinda® Vinho Tinto Palmela DOC",
    "href": "/p/vinhos-queijos-enchidos-da-nossa-terra/dona-ermelinda-vinho-tinto-palmela-doc/p138307",
    "price": "3.69",
    "image": "https://pt.cat-ret.assets.lidl/catalog5media/pt/article/5747/xs/5747_02.jpg",
    "dateText": "30.01. - 12.02.",
    "quantityInfo": "Garrafa 0,75 L | 1 L = 4.92"
  },
  {
    "name": "Dourada Fresca",
    "href": "/p/promocoes-de-peixe/dourada-fresca/p138577",
    "price": "9.99",
    "image": "https://pt.cat-ret.assets.lidl/catalog5media/pt/article/146285/xs/146285_01.jpg",
    "dateText": "06.02. - 12.02.",
    "quantityInfo": "/ kg"
  },
  {
    "name": "Dourada Fresca",
    "href": "/p/promocoes-de-peixe/dourada-fresca/p138577",
    "price": "9.99",
    "image": "https://pt.cat-ret.assets.lidl/catalog5media/pt/article/146285/xs/146285_01.jpg",
    "dateText": "06.02. - 12.02.",
    "quantityInfo": "/ kg"
  },
  {
    "name": "Duas Quintas® Vinho Tinto Douro DOC",
    "href": "/p/vinhos-queijos-enchidos-da-nossa-terra/duas-quintas-vinho-tinto-douro-doc/p138291",
    "price": "10.99",
    "image": "https://pt.cat-ret.assets.lidl/catalog5media/pt/article/1789/xs/1789_01.jpg",
    "dateText": "a partir de 30.01.",
    "quantityInfo": "Garrafa 0,75 L | 1 L = 14.66"
  },
  {
    "name": "Dulano® Salsichas Estaladiças",
    "href": "/p/promocoes-de-frescos/dulano-salsichas-estaladicas/p138598",
    "price": "3.99",
    "image": "https://pt.cat-ret.assets.lidl/catalog5media/pt/article/1149/xs/1149_01.jpg",
    "dateText": "09.02. - 15.02.",
    "quantityInfo": "Emb. 500 g | 1 kg = 7.98"
  },
  {
    "name": "Dulano® Salsichas Estaladiças",
    "href": "/p/promocoes-de-frescos/dulano-salsichas-estaladicas/p138598",
    "price": "3.99",
    "image": "https://pt.cat-ret.assets.lidl/catalog5media/pt/article/1149/xs/1149_01.jpg",
    "dateText": "09.02. - 15.02.",
    "quantityInfo": "Emb. 500 g | 1 kg = 7.98"
  },
  {
    "name": "Entremeada de Porco",
    "href": "/p/promocoes-de-carne/entremeada-de-porco/p138569",
    "price": "4.89",
    "image": "https://pt.cat-ret.assets.lidl/catalog5media/pt/article/5908635/xs/5908635_01.jpg",
    "dateText": "09.02. - 15.02.",
    "quantityInfo": "/kg"
  },
  {
    "name": "Entremeada de Porco",
    "href": "/p/promocoes-de-carne/entremeada-de-porco/p138569",
    "price": "4.89",
    "image": "https://pt.cat-ret.assets.lidl/catalog5media/pt/article/5908635/xs/5908635_01.jpg",
    "dateText": "09.02. - 15.02.",
    "quantityInfo": "/kg"
  },
  {
    "name": "Ernesto® Máquina para Fazer Massa",
    "href": "/p/produtos-italianos/ernesto-maquina-para-fazer-massa/p138346",
    "price": "21.99",
    "image": "https://pt.cat-ret.assets.lidl/catalog5media/pt/article/385839/xs/385839_04.jpg",
    "dateText": "a partir de 06.02.",
    "quantityInfo": "Unid."
  },
  {
    "name": "Ernesto® Máquina para Fazer Massa",
    "href": "/p/produtos-italianos/ernesto-maquina-para-fazer-massa/p138346",
    "price": "21.99",
    "image": "https://pt.cat-ret.assets.lidl/catalog5media/pt/article/385839/xs/385839_04.jpg",
    "dateText": "a partir de 06.02.",
    "quantityInfo": "Unid."
  },
  {
    "name": "Esmara® Acessórios para Cabelo",
    "href": "/p/acessorios-e-artigos-de-casa-de-banho/esmara-acessorios-para-cabelo/p138350",
    "price": "0.99",
    "image": "https://pt.cat-ret.assets.lidl/catalog5media/pt/article/391050/xs/391050_06.jpg",
    "dateText": "a partir de 06.02.",
    "quantityInfo": "Cada emb."
  },
  {
    "name": "Esmara® Collants para Senhora",
    "href": "/p/dia-de-sao-valentim/esmara-collants-para-senhora/p138362",
    "price": "3.99",
    "image": "https://pt.cat-ret.assets.lidl/catalog5media/pt/article/498011/xs/498011_02.jpg",
    "dateText": "a partir de 06.02.",
    "quantityInfo": "Cada"
  },
  {
    "name": "Esmara® Cuecas 2 Unid. para Senhora",
    "href": "/p/dia-de-sao-valentim/esmara-cuecas-2-unid-para-senhora/p138360",
    "price": "7.99",
    "image": "https://pt.cat-ret.assets.lidl/catalog5media/pt/article/498007/xs/498007_01.jpg",
    "dateText": "a partir de 06.02.",
    "quantityInfo": "Cada emb."
  },
  {
    "name": "Esmara® Sutiã com Armação",
    "href": "/p/dia-de-sao-valentim/esmara-sutia-com-armacao/p138356",
    "price": "7.99",
    "image": "https://pt.cat-ret.assets.lidl/catalog5media/pt/article/423541/xs/423541_01.jpg",
    "dateText": "a partir de 06.02.",
    "quantityInfo": "Cada emb."
  },
  {
    "name": "Esporão® Bio Vinho Tinto Regional Alentejano",
    "href": "/p/vinhos-queijos-enchidos-da-nossa-terra/esporao-bio-vinho-tinto-regional-alentejano/p138547",
    "price": "7.49",
    "image": "https://pt.cat-ret.assets.lidl/catalog5media/pt/article/5906325/xs/5906325_01.jpg",
    "dateText": "30.01. - 12.02.",
    "quantityInfo": "Garrafa 0,75 L | 1 L = 9.99"
  },
  {
    "name": "Esteva® Vinho Tinto Douro DOC",
    "href": "/p/vinhos-queijos-enchidos-da-nossa-terra/esteva-vinho-tinto-douro-doc/p138179",
    "price": "3.89",
    "image": "https://pt.cat-ret.assets.lidl/catalog5media/pt/article/5571/xs/5571_01.jpg",
    "dateText": "30.01. - 12.02.",
    "quantityInfo": "Garrafa 0,75 L | 1 L = 5.19"
  },
  {
    "name": "Evaristo® Vinho Tinto Regional Lisboa Reserva",
    "href": "/p/vinhos-queijos-enchidos-da-nossa-terra/evaristo-vinho-tinto-regional-lisboa-reserva/p138300",
    "price": "3.29",
    "image": "https://pt.cat-ret.assets.lidl/catalog5media/pt/article/5911038/xs/5911038_02.jpg",
    "dateText": "30.01. - 12.02.",
    "quantityInfo": "Garrafa 0,75 L | 1 L = 4.39"
  },
  {
    "name": "Evel® Vinho Tinto Douro DOC",
    "href": "/p/vinhos-queijos-enchidos-da-nossa-terra/evel-vinho-tinto-douro-doc/p138296",
    "price": "4.19",
    "image": "https://pt.cat-ret.assets.lidl/catalog5media/pt/article/1667/xs/1667_01.jpg",
    "dateText": "a partir de 30.01.",
    "quantityInfo": "Garrafa 0,75 L | 1 L = 5.59"
  },
  {
    "name": "Fato de Fantasia Harry Potter",
    "href": "/p/carnaval/fato-de-fantasia-harry-potter/p138368",
    "price": "14.99",
    "image": "https://pt.cat-ret.assets.lidl/catalog5media/pt/article/499646/xs/499646_06.jpg",
    "dateText": "a partir de 06.02.",
    "quantityInfo": "Cada emb."
  },
  {
    "name": "Fato de Fantasia para Rapariga",
    "href": "/p/carnaval/fato-de-fantasia-para-rapariga/p138354",
    "price": "14.99",
    "image": "https://pt.cat-ret.assets.lidl/catalog5media/pt/article/415140/xs/415140_03.jpg",
    "dateText": "a partir de 06.02.",
    "quantityInfo": "Cada emb."
  },
  {
    "name": "Fato de Fantasia para Rapaz",
    "href": "/p/carnaval/fato-de-fantasia-para-rapaz/p138352",
    "price": "14.99",
    "image": "https://pt.cat-ret.assets.lidl/catalog5media/pt/article/415139/xs/415139_03.jpg",
    "dateText": "a partir de 06.02.",
    "quantityInfo": "Cada emb."
  },
  {
    "name": "Ferrero® Ferrero Rocher/ Raffaelo/ Mon Chéri",
    "href": "/p/dia-de-sao-valentim/ferrero-ferrero-rocher-raffaelo-mon-cheri/p138840",
    "price": "4.49",
    "image": "https://pt.cat-ret.assets.lidl/catalog5media/pt/article/5911195/xs/5911195_01.jpg",
    "dateText": "a partir de 06.02.",
    "quantityInfo": "Cada emb. 10/ 14 unid."
  },
  {
    "name": "Ferrero® Ferrero Rocher/ Raffaelo/ Mon Chéri",
    "href": "/p/dia-de-sao-valentim/ferrero-ferrero-rocher-raffaelo-mon-cheri/p138840",
    "price": "4.49",
    "image": "https://pt.cat-ret.assets.lidl/catalog5media/pt/article/5911195/xs/5911195_01.jpg",
    "dateText": "a partir de 06.02.",
    "quantityInfo": "Cada emb. 10/ 14 unid."
  },
  {
    "name": "Finish® Pastilhas para Máquina da Loiça Quantum Ultimate",
    "href": "/p/promocoes-de-higiene-e-limpeza/finish-pastilhas-para-maquina-da-loica-quantum-ultimate/p138638",
    "price": "9.99",
    "image": "https://pt.cat-ret.assets.lidl/catalog5media/pt/article/6583/xs/6583_01.jpg",
    "dateText": "a partir de 09.02.",
    "quantityInfo": "Emb. 54 pastilhas"
  },
  {
    "name": "Finish® Pastilhas para Máquina da Loiça Quantum Ultimate",
    "href": "/p/promocoes-de-higiene-e-limpeza/finish-pastilhas-para-maquina-da-loica-quantum-ultimate/p138638",
    "price": "9.99",
    "image": "https://pt.cat-ret.assets.lidl/catalog5media/pt/article/6583/xs/6583_01.jpg",
    "dateText": "a partir de 09.02.",
    "quantityInfo": "Emb. 54 pastilhas"
  },
  {
    "name": "Fiuza® Vinho Tinto Regional Tejo 3 Castas Reserva",
    "href": "/p/vinhos-queijos-enchidos-da-nossa-terra/fiuza-vinho-tinto-regional-tejo-3-castas-reserva/p138304",
    "price": "3.59",
    "image": "https://pt.cat-ret.assets.lidl/catalog5media/pt/article/5909363/xs/5909363_01.jpg",
    "dateText": "a partir de 30.01.",
    "quantityInfo": "Garrafa 0,75 L | 1 L = 4.79"
  },
  {
    "name": "Floralys® Papel de Cozinha",
    "href": "/p/promocoes-de-higiene-e-limpeza/floralys-papel-de-cozinha/p138632",
    "price": "5.19",
    "image": "https://pt.cat-ret.assets.lidl/catalog5media/pt/article/133298/xs/133298_01.jpg",
    "dateText": "a partir de 06.02.",
    "quantityInfo": "Emb. 2 rolos"
  },
  {
    "name": "Floralys® Papel de Cozinha",
    "href": "/p/promocoes-de-higiene-e-limpeza/floralys-papel-de-cozinha/p138632",
    "price": "5.19",
    "image": "https://pt.cat-ret.assets.lidl/catalog5media/pt/article/133298/xs/133298_01.jpg",
    "dateText": "a partir de 06.02.",
    "quantityInfo": "Emb. 2 rolos"
  },
  {
    "name": "Fonte Mourisca® Queijo Curado Amanteigado",
    "href": "/p/vinhos-queijos-enchidos-da-nossa-terra/fonte-mourisca-queijo-curado-amanteigado/p138196",
    "price": "5.29",
    "image": "https://pt.cat-ret.assets.lidl/catalog5media/pt/article/5907674/xs/5907674_01.jpg",
    "dateText": "30.01. - 12.02.",
    "quantityInfo": "Unid. 550 g | 1 kg = 9.62"
  },
  {
    "name": "For You® Biscoitos da Sorte",
    "href": "/p/dia-de-sao-valentim/for-you-biscoitos-da-sorte/p138835",
    "price": "1.99",
    "image": "https://pt.cat-ret.assets.lidl/catalog5media/pt/article/12541/xs/12541_01.jpg",
    "dateText": "a partir de 06.02.",
    "quantityInfo": "Emb. 60 g | 100 g = 3.32"
  },
  {
    "name": "For You® Biscoitos da Sorte",
    "href": "/p/dia-de-sao-valentim/for-you-biscoitos-da-sorte/p138835",
    "price": "1.99",
    "image": "https://pt.cat-ret.assets.lidl/catalog5media/pt/article/12541/xs/12541_01.jpg",
    "dateText": "a partir de 06.02.",
    "quantityInfo": "Emb. 60 g | 100 g = 3.32"
  },
  {
    "name": "For You® Gomas em Coração",
    "href": "/p/dia-de-sao-valentim/for-you-gomas-em-coracao/p138836",
    "price": "3.99",
    "image": "https://pt.cat-ret.assets.lidl/catalog5media/pt/article/90295/xs/90295_01.jpg",
    "dateText": "a partir de 06.02.",
    "quantityInfo": "Emb. 500 g | 1 kg = 7.98"
  },
  {
    "name": "For You® Gomas em Coração",
    "href": "/p/dia-de-sao-valentim/for-you-gomas-em-coracao/p138836",
    "price": "3.99",
    "image": "https://pt.cat-ret.assets.lidl/catalog5media/pt/article/90295/xs/90295_01.jpg",
    "dateText": "a partir de 06.02.",
    "quantityInfo": "Emb. 500 g | 1 kg = 7.98"
  },
  {
    "name": "For You® Macarons",
    "href": "/p/dia-de-sao-valentim/for-you-macarons/p138834",
    "price": "3.79",
    "image": "https://pt.cat-ret.assets.lidl/catalog5media/pt/article/7406024/xs/7406024_01.jpg",
    "dateText": "a partir de 06.02.",
    "quantityInfo": "Emb. 6 unid."
  },
  {
    "name": "For You® Macarons",
    "href": "/p/dia-de-sao-valentim/for-you-macarons/p138834",
    "price": "3.79",
    "image": "https://pt.cat-ret.assets.lidl/catalog5media/pt/article/7406024/xs/7406024_01.jpg",
    "dateText": "a partir de 06.02.",
    "quantityInfo": "Emb. 6 unid."
  },
  {
    "name": "For You® Soufflé de Red Velvet",
    "href": "/p/dia-de-sao-valentim/for-you-souffle-de-red-velvet/p138838",
    "price": "2.99",
    "image": "https://pt.cat-ret.assets.lidl/catalog5media/pt/article/7404926/xs/7404926_01.jpg",
    "dateText": "a partir de 06.02.",
    "quantityInfo": "Emb. 2x80 g | 1 kg = 18.69"
  },
  {
    "name": "For You® Soufflé de Red Velvet",
    "href": "/p/dia-de-sao-valentim/for-you-souffle-de-red-velvet/p138838",
    "price": "2.99",
    "image": "https://pt.cat-ret.assets.lidl/catalog5media/pt/article/7404926/xs/7404926_01.jpg",
    "dateText": "a partir de 06.02.",
    "quantityInfo": "Emb. 2x80 g | 1 kg = 18.69"
  },
  {
    "name": "Formil® Detergente Especial para Roupa 41 Doses",
    "href": "/p/promocoes-de-higiene-e-limpeza/formil-detergente-especial-para-roupa-41-doses/p138642",
    "price": "3.39",
    "image": "https://pt.cat-ret.assets.lidl/catalog5media/pt/article/151355/xs/151355_01.jpg",
    "dateText": "09.02. - 15.02.",
    "quantityInfo": "Emb. 1,5 L | 1 L = 2.26"
  },
  {
    "name": "Formil® Detergente Especial para Roupa 41 Doses",
    "href": "/p/promocoes-de-higiene-e-limpeza/formil-detergente-especial-para-roupa-41-doses/p138642",
    "price": "3.39",
    "image": "https://pt.cat-ret.assets.lidl/catalog5media/pt/article/151355/xs/151355_01.jpg",
    "dateText": "09.02. - 15.02.",
    "quantityInfo": "Emb. 1,5 L | 1 L = 2.26"
  },
  {
    "name": "Framboesa Nacional",
    "href": "/p/dia-de-sao-valentim/framboesa-nacional/p138829",
    "price": "2.49",
    "image": "https://pt.cat-ret.assets.lidl/catalog5media/pt/article/80835/xs/80835_01.jpg",
    "dateText": "06.02. - 15.02.",
    "quantityInfo": "Emb. 250 g | 1 kg = 9.96"
  },
  {
    "name": "Framboesa Nacional",
    "href": "/p/dia-de-sao-valentim/framboesa-nacional/p138829",
    "price": "2.49",
    "image": "https://pt.cat-ret.assets.lidl/catalog5media/pt/article/80835/xs/80835_01.jpg",
    "dateText": "06.02. - 15.02.",
    "quantityInfo": "Emb. 250 g | 1 kg = 9.96"
  },
  {
    "name": "Frango Fresco com Miúdos",
    "href": "/p/promocoes-de-carne/frango-fresco-com-miudos/p138571",
    "price": "2.39",
    "image": "https://pt.cat-ret.assets.lidl/catalog5media/pt/article/7981/xs/7981_01.jpg",
    "dateText": "a partir de 09.02.",
    "quantityInfo": "/kg"
  },
  {
    "name": "Frango Fresco com Miúdos",
    "href": "/p/promocoes-de-carne/frango-fresco-com-miudos/p138571",
    "price": "2.39",
    "image": "https://pt.cat-ret.assets.lidl/catalog5media/pt/article/7981/xs/7981_01.jpg",
    "dateText": "a partir de 09.02.",
    "quantityInfo": "/kg"
  },
  {
    "name": "Freeway® Refrigerante com Gás de Laranja/ Ananás",
    "href": "/p/promocoes-de-bebidas/freeway-refrigerante-com-gas-de-laranja-ananas/p138624",
    "price": "1.39",
    "image": "https://pt.cat-ret.assets.lidl/catalog5media/pt/article/5709650/xs/5709650_01.jpg",
    "dateText": "09.02. - 15.02.",
    "quantityInfo": "Cada garrafa 2 L | 1 L = 0.70"
  },
  {
    "name": "Freeway® Refrigerante com Gás de Laranja/ Ananás",
    "href": "/p/promocoes-de-bebidas/freeway-refrigerante-com-gas-de-laranja-ananas/p138624",
    "price": "1.39",
    "image": "https://pt.cat-ret.assets.lidl/catalog5media/pt/article/5709650/xs/5709650_01.jpg",
    "dateText": "09.02. - 15.02.",
    "quantityInfo": "Cada garrafa 2 L | 1 L = 0.70"
  },
  {
    "name": "Fula® Óleo Alimentar",
    "href": "/p/promocoes-de-mercearia/fula-oleo-alimentar/p138609",
    "price": "7.89",
    "image": "https://pt.cat-ret.assets.lidl/catalog5media/pt/article/5780/xs/5780_01.jpg",
    "dateText": "a partir de 09.02.",
    "quantityInfo": "Garrafão 3 L | 1 L = 2.63"
  },
  {
    "name": "Fula® Óleo Alimentar",
    "href": "/p/promocoes-de-mercearia/fula-oleo-alimentar/p138609",
    "price": "7.89",
    "image": "https://pt.cat-ret.assets.lidl/catalog5media/pt/article/5780/xs/5780_01.jpg",
    "dateText": "a partir de 09.02.",
    "quantityInfo": "Garrafão 3 L | 1 L = 2.63"
  },
  {
    "name": "Fumadinho® Mortadela em Fatias",
    "href": "/p/promocoes-de-frescos/fumadinho-mortadela-em-fatias/p138587",
    "price": "0.85",
    "image": "https://pt.cat-ret.assets.lidl/catalog5media/pt/article/5904489/xs/5904489_01.jpg",
    "dateText": "06.02. - 12.02.",
    "quantityInfo": "Cada emb. 200 g | 1 kg = 4.25"
  },
  {
    "name": "Fumadinho® Mortadela em Fatias",
    "href": "/p/promocoes-de-frescos/fumadinho-mortadela-em-fatias/p138587",
    "price": "0.85",
    "image": "https://pt.cat-ret.assets.lidl/catalog5media/pt/article/5904489/xs/5904489_01.jpg",
    "dateText": "06.02. - 12.02.",
    "quantityInfo": "Cada emb. 200 g | 1 kg = 4.25"
  },
  {
    "name": "Fumadinho® Presunto Fatiado Finíssimo",
    "href": "/p/vinhos-queijos-enchidos-da-nossa-terra/fumadinho-presunto-fatiado-finissimo/p138208",
    "price": "2.49",
    "image": "https://pt.cat-ret.assets.lidl/catalog5media/pt/article/5901128/xs/5901128_01.jpg",
    "dateText": "30.01. - 12.02.",
    "quantityInfo": "Emb. 150 g | 1 kg = 16.60"
  },
  {
    "name": "Fumeiro da Gardunha® Chouriço Receita do Fundão",
    "href": "/p/vinhos-queijos-enchidos-da-nossa-terra/fumeiro-da-gardunha-chourico-receita-do-fundao/p138206",
    "price": "1.99",
    "image": "https://pt.cat-ret.assets.lidl/catalog5media/pt/article/5909299/xs/5909299_01.jpg",
    "dateText": "30.01. - 12.02.",
    "quantityInfo": "Emb. 200 g | 1 kg = 9.95"
  },
  {
    "name": "GOGO Squeez® Saquetas de Fruta Triturada",
    "href": "/p/promocoes-de-mercearia/gogo-squeez-saquetas-de-fruta-triturada/p138602",
    "price": "2.65",
    "image": "https://pt.cat-ret.assets.lidl/catalog5media/pt/article/5907143/xs/5907143_01.jpg",
    "dateText": "a partir de 06.02.",
    "quantityInfo": "Cada pack 4x90 g | 1 kg = 7.37"
  },
  {
    "name": "GOGO Squeez® Saquetas de Fruta Triturada",
    "href": "/p/promocoes-de-mercearia/gogo-squeez-saquetas-de-fruta-triturada/p138602",
    "price": "2.65",
    "image": "https://pt.cat-ret.assets.lidl/catalog5media/pt/article/5907143/xs/5907143_01.jpg",
    "dateText": "a partir de 06.02.",
    "quantityInfo": "Cada pack 4x90 g | 1 kg = 7.37"
  },
  {
    "name": "Gazela® Vinho Verde Branco/ Rosé DOC",
    "href": "/p/vinhos-queijos-enchidos-da-nossa-terra/gazela-vinho-verde-branco-rose-doc/p138284",
    "price": "2.79",
    "image": "https://pt.cat-ret.assets.lidl/catalog5media/pt/article/5462/xs/5462_01.jpg",
    "dateText": "30.01. - 12.02.",
    "quantityInfo": "Cada garrafa 0,75 L | 1 L = 3.72"
  },
  {
    "name": "Golden Sun® Arroz Agulha Vaporizado XXL",
    "href": "/p/promocoes-de-mercearia/golden-sun-arroz-agulha-vaporizado-xxl/p138608",
    "price": "2.35",
    "image": "https://pt.cat-ret.assets.lidl/catalog5media/pt/article/5908691/xs/5908691_01.jpg",
    "dateText": "a partir de 09.02.",
    "quantityInfo": "1 kg = 1.18"
  },
  {
    "name": "Golden Sun® Arroz Agulha Vaporizado XXL",
    "href": "/p/promocoes-de-mercearia/golden-sun-arroz-agulha-vaporizado-xxl/p138608",
    "price": "2.35",
    "image": "https://pt.cat-ret.assets.lidl/catalog5media/pt/article/5908691/xs/5908691_01.jpg",
    "dateText": "a partir de 09.02.",
    "quantityInfo": "1 kg = 1.18"
  },
  {
    "name": "Hambúrgueres de Bovino Tipo Italiano",
    "href": "/p/produtos-italianos/hamburgueres-de-bovino-tipo-italiano/p138643",
    "price": "2.99",
    "image": "https://pt.cat-ret.assets.lidl/catalog5media/pt/article/5903877/xs/5903877_01.jpg",
    "dateText": "a partir de 06.02.",
    "quantityInfo": "Emb. 280 g | 1 kg = 10.68"
  },
  {
    "name": "Hambúrgueres de Bovino Tipo Italiano",
    "href": "/p/produtos-italianos/hamburgueres-de-bovino-tipo-italiano/p138643",
    "price": "2.99",
    "image": "https://pt.cat-ret.assets.lidl/catalog5media/pt/article/5903877/xs/5903877_01.jpg",
    "dateText": "a partir de 06.02.",
    "quantityInfo": "Emb. 280 g | 1 kg = 10.68"
  },
  {
    "name": "Herdade das Mouras® Vinho Tinto/ Branco Regional Alentejano Premium",
    "href": "/p/vinhos-queijos-enchidos-da-nossa-terra/herdade-das-mouras-vinho-tinto-branco-regional-alentejano-premium/p138190",
    "price": "3.99",
    "image": "https://pt.cat-ret.assets.lidl/catalog5media/pt/article/5909742/xs/5909742_01.jpg",
    "dateText": "30.01. - 12.02.",
    "quantityInfo": "Cada garrafa 0,75 L | 1 L = 5.32"
  },
  {
    "name": "Herdade dos Grous® Vinho Tinto Regional Alentejano",
    "href": "/p/vinhos-queijos-enchidos-da-nossa-terra/herdade-dos-grous-vinho-tinto-regional-alentejano/p138548",
    "price": "11.49",
    "image": "https://pt.cat-ret.assets.lidl/catalog5media/pt/article/1433/xs/1433_01.jpg",
    "dateText": "a partir de 30.01.",
    "quantityInfo": "Garrafa 0,75 L | 1 L = 15.32"
  },
  {
    "name": "Iglo® Douradinhos de Peixe",
    "href": "/p/promocoes-de-peixe/iglo-douradinhos-de-peixe/p138586",
    "price": "8.99",
    "image": "https://pt.cat-ret.assets.lidl/catalog5media/pt/article/5906684/xs/5906684_01.jpg",
    "dateText": "a partir de 09.02.",
    "quantityInfo": "Emb. 840 g | 1 kg = 10.71"
  },
  {
    "name": "Iglo® Douradinhos de Peixe",
    "href": "/p/promocoes-de-peixe/iglo-douradinhos-de-peixe/p138586",
    "price": "8.99",
    "image": "https://pt.cat-ret.assets.lidl/catalog5media/pt/article/5906684/xs/5906684_01.jpg",
    "dateText": "a partir de 09.02.",
    "quantityInfo": "Emb. 840 g | 1 kg = 10.71"
  },
  {
    "name": "Indelével® Vinho Branco Regional Alentejano Vegan",
    "href": "/p/vinhos-queijos-enchidos-da-nossa-terra/indelevel-vinho-branco-regional-alentejano-vegan/p138537",
    "price": "2.99",
    "image": "https://pt.cat-ret.assets.lidl/catalog5media/pt/article/5908894/xs/5908894_01.jpg",
    "dateText": "a partir de 30.01.",
    "quantityInfo": "Garrafa 0,75 L | 1 L = 3.99"
  },
  {
    "name": "Italiamo® Biscoitos de Massa Folhada com Alperce",
    "href": "/p/produtos-italianos/italiamo-biscoitos-de-massa-folhada-com-alperce/p138678",
    "price": "1.19",
    "image": "https://pt.cat-ret.assets.lidl/catalog5media/pt/article/28555/xs/28555_01.jpg",
    "dateText": "a partir de 06.02.",
    "quantityInfo": "Emb. 200 g | 1 kg = 5.95"
  },
  {
    "name": "Italiamo® Biscoitos de Massa Folhada com Alperce",
    "href": "/p/produtos-italianos/italiamo-biscoitos-de-massa-folhada-com-alperce/p138678",
    "price": "1.19",
    "image": "https://pt.cat-ret.assets.lidl/catalog5media/pt/article/28555/xs/28555_01.jpg",
    "dateText": "a partir de 06.02.",
    "quantityInfo": "Emb. 200 g | 1 kg = 5.95"
  },
  {
    "name": "Italiamo® Bresaola",
    "href": "/p/produtos-italianos/italiamo-bresaola/p138651",
    "price": "3.19",
    "image": "https://pt.cat-ret.assets.lidl/catalog5media/pt/article/150432/xs/150432_02.jpg",
    "dateText": "a partir de 06.02.",
    "quantityInfo": "Emb. 70 g | 100 g = 4.56"
  },
  {
    "name": "Italiamo® Bresaola",
    "href": "/p/produtos-italianos/italiamo-bresaola/p138651",
    "price": "3.19",
    "image": "https://pt.cat-ret.assets.lidl/catalog5media/pt/article/150432/xs/150432_02.jpg",
    "dateText": "a partir de 06.02.",
    "quantityInfo": "Emb. 70 g | 100 g = 4.56"
  },
  {
    "name": "Italiamo® Burrata",
    "href": "/p/produtos-italianos/italiamo-burrata/p138648",
    "price": "2.79",
    "image": "https://pt.cat-ret.assets.lidl/catalog5media/pt/article/6000486/xs/6000486_02.jpg",
    "dateText": "a partir de 06.02.",
    "quantityInfo": "Emb. 200 g | 1 kg = 13.95"
  },
  {
    "name": "Italiamo® Burrata",
    "href": "/p/produtos-italianos/italiamo-burrata/p138648",
    "price": "2.79",
    "image": "https://pt.cat-ret.assets.lidl/catalog5media/pt/article/6000486/xs/6000486_02.jpg",
    "dateText": "a partir de 06.02.",
    "quantityInfo": "Emb. 200 g | 1 kg = 13.95"
  },
  {
    "name": "Italiamo® Calzone",
    "href": "/p/produtos-italianos/italiamo-calzone/p138663",
    "price": "3.29",
    "image": "https://pt.cat-ret.assets.lidl/catalog5media/pt/article/6004715/xs/6004715_01.jpg",
    "dateText": "a partir de 06.02.",
    "quantityInfo": "Emb. 250 g | 1 kg = 13.16"
  },
  {
    "name": "Italiamo® Calzone",
    "href": "/p/produtos-italianos/italiamo-calzone/p138663",
    "price": "3.29",
    "image": "https://pt.cat-ret.assets.lidl/catalog5media/pt/article/6004715/xs/6004715_01.jpg",
    "dateText": "a partir de 06.02.",
    "quantityInfo": "Emb. 250 g | 1 kg = 13.16"
  },
  {
    "name": "Italiamo® Esparguete Tricolor",
    "href": "/p/produtos-italianos/italiamo-esparguete-tricolor/p138694",
    "price": "1.79",
    "image": "https://pt.cat-ret.assets.lidl/catalog5media/pt/article/22109/xs/22109_01.jpg",
    "dateText": "a partir de 06.02.",
    "quantityInfo": "Emb. 500 g | 1 kg = 3.58"
  },
  {
    "name": "Italiamo® Esparguete Tricolor",
    "href": "/p/produtos-italianos/italiamo-esparguete-tricolor/p138694",
    "price": "1.79",
    "image": "https://pt.cat-ret.assets.lidl/catalog5media/pt/article/22109/xs/22109_01.jpg",
    "dateText": "a partir de 06.02.",
    "quantityInfo": "Emb. 500 g | 1 kg = 3.58"
  },
  {
    "name": "Italiamo® Farfalle",
    "href": "/p/produtos-italianos/italiamo-farfalle/p138668",
    "price": "1.59",
    "image": "https://pt.cat-ret.assets.lidl/catalog5media/pt/article/125586/xs/125586_01.jpg",
    "dateText": "a partir de 06.02.",
    "quantityInfo": "Cada emb. 250 g | 1 kg = 6.36"
  },
  {
    "name": "Italiamo® Farfalle",
    "href": "/p/produtos-italianos/italiamo-farfalle/p138668",
    "price": "1.59",
    "image": "https://pt.cat-ret.assets.lidl/catalog5media/pt/article/125586/xs/125586_01.jpg",
    "dateText": "a partir de 06.02.",
    "quantityInfo": "Cada emb. 250 g | 1 kg = 6.36"
  },
  {
    "name": "Italiamo® Focaccia com Recheio de 4 Queijos",
    "href": "/p/produtos-italianos/italiamo-focaccia-com-recheio-de-4-queijos/p138665",
    "price": "3.99",
    "image": "https://pt.cat-ret.assets.lidl/catalog5media/pt/article/6001038/xs/6001038_01.jpg",
    "dateText": "a partir de 06.02.",
    "quantityInfo": "Emb. 330 g | 1 kg = 12.10"
  },
  {
    "name": "Italiamo® Focaccia com Recheio de 4 Queijos",
    "href": "/p/produtos-italianos/italiamo-focaccia-com-recheio-de-4-queijos/p138665",
    "price": "3.99",
    "image": "https://pt.cat-ret.assets.lidl/catalog5media/pt/article/6001038/xs/6001038_01.jpg",
    "dateText": "a partir de 06.02.",
    "quantityInfo": "Emb. 330 g | 1 kg = 12.10"
  },
  {
    "name": "Italiamo® Gelado Receita Italiana",
    "href": "/p/produtos-italianos/italiamo-gelado-receita-italiana/p138674",
    "price": "2.69",
    "image": "https://pt.cat-ret.assets.lidl/catalog5media/pt/article/21421/xs/21421_02.jpg",
    "dateText": "a partir de 06.02.",
    "quantityInfo": "Cada emb. 750 ml | 1 L = 3.59"
  },
  {
    "name": "Italiamo® Gelado Receita Italiana",
    "href": "/p/produtos-italianos/italiamo-gelado-receita-italiana/p138674",
    "price": "2.69",
    "image": "https://pt.cat-ret.assets.lidl/catalog5media/pt/article/21421/xs/21421_02.jpg",
    "dateText": "a partir de 06.02.",
    "quantityInfo": "Cada emb. 750 ml | 1 L = 3.59"
  },
  {
    "name": "Italiamo® Maccheroni al Ferreto",
    "href": "/p/produtos-italianos/italiamo-maccheroni-al-ferreto/p138670",
    "price": "1.79",
    "image": "https://pt.cat-ret.assets.lidl/catalog5media/pt/article/6000313/xs/6000313_01.jpg",
    "dateText": "a partir de 06.02.",
    "quantityInfo": "Emb. 500 g | 1 kg = 3.58"
  },
  {
    "name": "Italiamo® Maccheroni al Ferreto",
    "href": "/p/produtos-italianos/italiamo-maccheroni-al-ferreto/p138670",
    "price": "1.79",
    "image": "https://pt.cat-ret.assets.lidl/catalog5media/pt/article/6000313/xs/6000313_01.jpg",
    "dateText": "a partir de 06.02.",
    "quantityInfo": "Emb. 500 g | 1 kg = 3.58"
  },
  {
    "name": "Italiamo® Mascarpone",
    "href": "/p/produtos-italianos/italiamo-mascarpone/p138676",
    "price": "3.39",
    "image": "https://pt.cat-ret.assets.lidl/catalog5media/pt/article/6009179/xs/6009179_01.jpg",
    "dateText": "a partir de 06.02.",
    "quantityInfo": "Emb. 500 g | 1 kg = 6.78"
  },
  {
    "name": "Italiamo® Mascarpone",
    "href": "/p/produtos-italianos/italiamo-mascarpone/p138676",
    "price": "3.39",
    "image": "https://pt.cat-ret.assets.lidl/catalog5media/pt/article/6009179/xs/6009179_01.jpg",
    "dateText": "a partir de 06.02.",
    "quantityInfo": "Emb. 500 g | 1 kg = 6.78"
  },
  {
    "name": "Italiamo® Massa Recheada",
    "href": "/p/produtos-italianos/italiamo-massa-recheada/p138666",
    "price": "2.19",
    "image": "https://pt.cat-ret.assets.lidl/catalog5media/pt/article/6004480/xs/6004480_01.jpg",
    "dateText": "a partir de 06.02.",
    "quantityInfo": "Emb. 250 g | 1 kg = 8.76"
  },
  {
    "name": "Italiamo® Massa Recheada",
    "href": "/p/produtos-italianos/italiamo-massa-recheada/p138666",
    "price": "2.19",
    "image": "https://pt.cat-ret.assets.lidl/catalog5media/pt/article/6004480/xs/6004480_01.jpg",
    "dateText": "a partir de 06.02.",
    "quantityInfo": "Emb. 250 g | 1 kg = 8.76"
  },
  {
    "name": "Italiamo® Massa Trottole Tricolor",
    "href": "/p/produtos-italianos/italiamo-massa-trottole-tricolor/p138669",
    "price": "1.59",
    "image": "https://pt.cat-ret.assets.lidl/catalog5media/pt/article/39011/xs/39011_01.jpg",
    "dateText": "a partir de 06.02.",
    "quantityInfo": "Emb. 500 g | 1 kg = 3.18"
  },
  {
    "name": "Italiamo® Massa Trottole Tricolor",
    "href": "/p/produtos-italianos/italiamo-massa-trottole-tricolor/p138669",
    "price": "1.59",
    "image": "https://pt.cat-ret.assets.lidl/catalog5media/pt/article/39011/xs/39011_01.jpg",
    "dateText": "a partir de 06.02.",
    "quantityInfo": "Emb. 500 g | 1 kg = 3.18"
  },
  {
    "name": "Italiamo® Mistura de Frutos Secos com Pesto",
    "href": "/p/produtos-italianos/italiamo-mistura-de-frutos-secos-com-pesto/p138675",
    "price": "2.99",
    "image": "https://pt.cat-ret.assets.lidl/catalog5media/pt/article/175428/xs/175428_01.jpg",
    "dateText": "a partir de 06.02.",
    "quantityInfo": "Emb. 150 g | 1 kg = 19.94"
  },
  {
    "name": "Italiamo® Mistura de Frutos Secos com Pesto",
    "href": "/p/produtos-italianos/italiamo-mistura-de-frutos-secos-com-pesto/p138675",
    "price": "2.99",
    "image": "https://pt.cat-ret.assets.lidl/catalog5media/pt/article/175428/xs/175428_01.jpg",
    "dateText": "a partir de 06.02.",
    "quantityInfo": "Emb. 150 g | 1 kg = 19.94"
  },
  {
    "name": "Italiamo® Molho Carbonara/ 4 Queijos",
    "href": "/p/produtos-italianos/italiamo-molho-carbonara-4-queijos/p138672",
    "price": "2.39",
    "image": "https://pt.cat-ret.assets.lidl/catalog5media/pt/article/22470/xs/22470_02.jpg",
    "dateText": "a partir de 06.02.",
    "quantityInfo": "Cada emb. 340 g | 1 kg = 7.03"
  },
  {
    "name": "Italiamo® Molho Carbonara/ 4 Queijos",
    "href": "/p/produtos-italianos/italiamo-molho-carbonara-4-queijos/p138672",
    "price": "2.39",
    "image": "https://pt.cat-ret.assets.lidl/catalog5media/pt/article/22470/xs/22470_02.jpg",
    "dateText": "a partir de 06.02.",
    "quantityInfo": "Cada emb. 340 g | 1 kg = 7.03"
  },
  {
    "name": "Italiamo® Molhos para Massa",
    "href": "/p/produtos-italianos/italiamo-molhos-para-massa/p138671",
    "price": "1.99",
    "image": "https://pt.cat-ret.assets.lidl/catalog5media/pt/article/87612/xs/87612_01.jpg",
    "dateText": "a partir de 06.02.",
    "quantityInfo": "Emb. 350 g | 1 kg = 5.69"
  },
  {
    "name": "Italiamo® Molhos para Massa",
    "href": "/p/produtos-italianos/italiamo-molhos-para-massa/p138671",
    "price": "1.99",
    "image": "https://pt.cat-ret.assets.lidl/catalog5media/pt/article/87612/xs/87612_01.jpg",
    "dateText": "a partir de 06.02.",
    "quantityInfo": "Emb. 350 g | 1 kg = 5.69"
  },
  {
    "name": "Italiamo® Mortadela de Bologna IGP",
    "href": "/p/produtos-italianos/italiamo-mortadela-de-bologna-igp/p138653",
    "price": "2.19",
    "image": "https://pt.cat-ret.assets.lidl/catalog5media/pt/article/12678/xs/12678_02.jpg",
    "dateText": "a partir de 06.02.",
    "quantityInfo": "Emb. 150 g | 1 kg = 14.60"
  },
  {
    "name": "Italiamo® Mortadela de Bologna IGP",
    "href": "/p/produtos-italianos/italiamo-mortadela-de-bologna-igp/p138653",
    "price": "2.19",
    "image": "https://pt.cat-ret.assets.lidl/catalog5media/pt/article/12678/xs/12678_02.jpg",
    "dateText": "a partir de 06.02.",
    "quantityInfo": "Emb. 150 g | 1 kg = 14.60"
  },
  {
    "name": "Italiamo® Pancetta Piacentina DOP",
    "href": "/p/produtos-italianos/italiamo-pancetta-piacentina-dop/p138652",
    "price": "2.69",
    "image": "https://pt.cat-ret.assets.lidl/catalog5media/pt/article/6005745/xs/6005745_01.jpg",
    "dateText": "a partir de 06.02.",
    "quantityInfo": "Emb. 90 g | 100 g = 2.99"
  },
  {
    "name": "Italiamo® Pancetta Piacentina DOP",
    "href": "/p/produtos-italianos/italiamo-pancetta-piacentina-dop/p138652",
    "price": "2.69",
    "image": "https://pt.cat-ret.assets.lidl/catalog5media/pt/article/6005745/xs/6005745_01.jpg",
    "dateText": "a partir de 06.02.",
    "quantityInfo": "Emb. 90 g | 100 g = 2.99"
  },
  {
    "name": "Italiamo® Panna Cotta com Caramelo",
    "href": "/p/produtos-italianos/italiamo-panna-cotta-com-caramelo/p138673",
    "price": "1.79",
    "image": "https://pt.cat-ret.assets.lidl/catalog5media/pt/article/19109/xs/19109_01.jpg",
    "dateText": "a partir de 06.02.",
    "quantityInfo": "Pack 2x100 g | 1 kg = 8.95"
  },
  {
    "name": "Italiamo® Panna Cotta com Caramelo",
    "href": "/p/produtos-italianos/italiamo-panna-cotta-com-caramelo/p138673",
    "price": "1.79",
    "image": "https://pt.cat-ret.assets.lidl/catalog5media/pt/article/19109/xs/19109_01.jpg",
    "dateText": "a partir de 06.02.",
    "quantityInfo": "Pack 2x100 g | 1 kg = 8.95"
  },
  {
    "name": "Italiamo® Pizza Familiar",
    "href": "/p/produtos-italianos/italiamo-pizza-familiar/p138664",
    "price": "7.99",
    "image": "https://pt.cat-ret.assets.lidl/catalog5media/pt/article/172689/xs/172689_01.jpg",
    "dateText": "a partir de 06.02.",
    "quantityInfo": "Emb. 2x535 g/ 2x560 g | 1 kg = 7.47/7.14"
  },
  {
    "name": "Italiamo® Pizza Familiar",
    "href": "/p/produtos-italianos/italiamo-pizza-familiar/p138664",
    "price": "7.99",
    "image": "https://pt.cat-ret.assets.lidl/catalog5media/pt/article/172689/xs/172689_01.jpg",
    "dateText": "a partir de 06.02.",
    "quantityInfo": "Emb. 2x535 g/ 2x560 g | 1 kg = 7.47/7.14"
  },
  {
    "name": "Italiamo® Queijo Provolone Dolce/ Piccante",
    "href": "/p/produtos-italianos/italiamo-queijo-provolone-dolce-piccante/p138650",
    "price": "2.99",
    "image": "https://pt.cat-ret.assets.lidl/catalog5media/pt/article/6004393/xs/6004393_02.jpg",
    "dateText": "a partir de 06.02.",
    "quantityInfo": "Emb. 300 g | 1 kg = 9.97"
  },
  {
    "name": "Italiamo® Queijo Provolone Dolce/ Piccante",
    "href": "/p/produtos-italianos/italiamo-queijo-provolone-dolce-piccante/p138650",
    "price": "2.99",
    "image": "https://pt.cat-ret.assets.lidl/catalog5media/pt/article/6004393/xs/6004393_02.jpg",
    "dateText": "a partir de 06.02.",
    "quantityInfo": "Emb. 300 g | 1 kg = 9.97"
  },
  {
    "name": "Italiamo® Queijo Ralado",
    "href": "/p/produtos-italianos/italiamo-queijo-ralado/p138655",
    "price": "3.99",
    "image": "https://pt.cat-ret.assets.lidl/catalog5media/pt/article/6006350/xs/6006350_01.jpg",
    "dateText": "a partir de 06.02.",
    "quantityInfo": "Emb. 250 g | 1 kg = 15.96"
  },
  {
    "name": "Italiamo® Queijo Ralado",
    "href": "/p/produtos-italianos/italiamo-queijo-ralado/p138655",
    "price": "3.99",
    "image": "https://pt.cat-ret.assets.lidl/catalog5media/pt/article/6006350/xs/6006350_01.jpg",
    "dateText": "a partir de 06.02.",
    "quantityInfo": "Emb. 250 g | 1 kg = 15.96"
  },
  {
    "name": "Italiamo® Queijo Scamorza",
    "href": "/p/produtos-italianos/italiamo-queijo-scamorza/p138649",
    "price": "2.99",
    "image": "https://pt.cat-ret.assets.lidl/catalog5media/pt/article/6000885/xs/6000885_01.jpg",
    "dateText": "a partir de 06.02.",
    "quantityInfo": "Emb. 300 g | 1 kg = 9.97"
  },
  {
    "name": "Italiamo® Queijo Scamorza",
    "href": "/p/produtos-italianos/italiamo-queijo-scamorza/p138649",
    "price": "2.99",
    "image": "https://pt.cat-ret.assets.lidl/catalog5media/pt/article/6000885/xs/6000885_01.jpg",
    "dateText": "a partir de 06.02.",
    "quantityInfo": "Emb. 300 g | 1 kg = 9.97"
  },
  {
    "name": "Italiamo® Salame Milano Fatiado",
    "href": "/p/produtos-italianos/italiamo-salame-milano-fatiado/p138658",
    "price": "2.19",
    "image": "https://pt.cat-ret.assets.lidl/catalog5media/pt/article/97774/xs/97774_01.jpg",
    "dateText": "a partir de 06.02.",
    "quantityInfo": "Emb. 100 g"
  },
  {
    "name": "Italiamo® Salame Milano Fatiado",
    "href": "/p/produtos-italianos/italiamo-salame-milano-fatiado/p138658",
    "price": "2.19",
    "image": "https://pt.cat-ret.assets.lidl/catalog5media/pt/article/97774/xs/97774_01.jpg",
    "dateText": "a partir de 06.02.",
    "quantityInfo": "Emb. 100 g"
  },
  {
    "name": "Italiamo® Salame Ventricina",
    "href": "/p/produtos-italianos/italiamo-salame-ventricina/p138656",
    "price": "2.39",
    "image": "https://pt.cat-ret.assets.lidl/catalog5media/pt/article/97775/xs/97775_02.jpg",
    "dateText": "a partir de 06.02.",
    "quantityInfo": "Emb. 100 g"
  },
  {
    "name": "Italiamo® Salame Ventricina",
    "href": "/p/produtos-italianos/italiamo-salame-ventricina/p138656",
    "price": "2.39",
    "image": "https://pt.cat-ret.assets.lidl/catalog5media/pt/article/97775/xs/97775_02.jpg",
    "dateText": "a partir de 06.02.",
    "quantityInfo": "Emb. 100 g"
  },
  {
    "name": "Italiamo® Salame ao Estilo Italiano",
    "href": "/p/produtos-italianos/italiamo-salame-ao-estilo-italiano/p138659",
    "price": "3.49",
    "image": "https://pt.cat-ret.assets.lidl/catalog5media/pt/article/24345/xs/24345_04.jpg",
    "dateText": "a partir de 06.02.",
    "quantityInfo": "Cada emb. 200 g | 1 kg = 17.45"
  },
  {
    "name": "Italiamo® Salame ao Estilo Italiano",
    "href": "/p/produtos-italianos/italiamo-salame-ao-estilo-italiano/p138659",
    "price": "3.49",
    "image": "https://pt.cat-ret.assets.lidl/catalog5media/pt/article/24345/xs/24345_04.jpg",
    "dateText": "a partir de 06.02.",
    "quantityInfo": "Cada emb. 200 g | 1 kg = 17.45"
  },
  {
    "name": "Italiamo® Tiramisù",
    "href": "/p/produtos-italianos/italiamo-tiramisu/p138677",
    "price": "3.19",
    "image": "https://pt.cat-ret.assets.lidl/catalog5media/pt/article/6000144/xs/6000144_01.jpg",
    "dateText": "a partir de 06.02.",
    "quantityInfo": "Emb. 500 g | 1 kg = 6.38"
  },
  {
    "name": "Italiamo® Tiramisù",
    "href": "/p/produtos-italianos/italiamo-tiramisu/p138677",
    "price": "3.19",
    "image": "https://pt.cat-ret.assets.lidl/catalog5media/pt/article/6000144/xs/6000144_01.jpg",
    "dateText": "a partir de 06.02.",
    "quantityInfo": "Emb. 500 g | 1 kg = 6.38"
  },
  {
    "name": "Italiamo® Tomate Seco",
    "href": "/p/produtos-italianos/italiamo-tomate-seco/p138645",
    "price": "1.99",
    "image": "https://pt.cat-ret.assets.lidl/catalog5media/pt/article/91438/xs/91438_01.jpg",
    "dateText": "a partir de 06.02.",
    "quantityInfo": "Emb. 100 g"
  },
  {
    "name": "Italiamo® Tomate Seco",
    "href": "/p/produtos-italianos/italiamo-tomate-seco/p138645",
    "price": "1.99",
    "image": "https://pt.cat-ret.assets.lidl/catalog5media/pt/article/91438/xs/91438_01.jpg",
    "dateText": "a partir de 06.02.",
    "quantityInfo": "Emb. 100 g"
  },
  {
    "name": "Italiamo®/ Milbona® Mozzarella para Pizza",
    "href": "/p/produtos-italianos/italiamo-milbona-mozzarella-para-pizza/p138657",
    "price": "3.39",
    "image": "https://pt.cat-ret.assets.lidl/catalog5media/pt/article/25490/xs/25490_03.jpg",
    "dateText": "a partir de 06.02.",
    "quantityInfo": "Emb. 400 g | 1 kg = 8.48"
  },
  {
    "name": "Italiamo®/ Milbona® Mozzarella para Pizza",
    "href": "/p/produtos-italianos/italiamo-milbona-mozzarella-para-pizza/p138657",
    "price": "3.39",
    "image": "https://pt.cat-ret.assets.lidl/catalog5media/pt/article/25490/xs/25490_03.jpg",
    "dateText": "a partir de 06.02.",
    "quantityInfo": "Emb. 400 g | 1 kg = 8.48"
  },
  {
    "name": "JP® Vinho Tinto/ Branco Regional Península de Setúbal",
    "href": "/p/vinhos-queijos-enchidos-da-nossa-terra/jp-vinho-tinto-branco-regional-peninsula-de-setubal/p138309",
    "price": "1.99",
    "image": "https://pt.cat-ret.assets.lidl/catalog5media/pt/article/1434/xs/1434_01.jpg",
    "dateText": "30.01. - 12.02.",
    "quantityInfo": "Cada garrafa 0,75 L | 1 L = 2.66"
  },
  {
    "name": "João Pires® Vinho Branco Regional Península de Setúbal",
    "href": "/p/vinhos-queijos-enchidos-da-nossa-terra/joao-pires-vinho-branco-regional-peninsula-de-setubal/p138308",
    "price": "3.29",
    "image": "https://pt.cat-ret.assets.lidl/catalog5media/pt/article/5362/xs/5362_01.jpg",
    "dateText": "30.01. - 12.02.",
    "quantityInfo": "Garrafa 0,75 L | 1 L = 4.39"
  },
  {
    "name": "José de Sousa® Vinho Tinto Regional Alentejano",
    "href": "/p/vinhos-queijos-enchidos-da-nossa-terra/jose-de-sousa-vinho-tinto-regional-alentejano/p138544",
    "price": "6.99",
    "image": "https://pt.cat-ret.assets.lidl/catalog5media/pt/article/5910400/xs/5910400_01.jpg",
    "dateText": "a partir de 30.01.",
    "quantityInfo": "Garrafa 0,75 L | 1 L = 9.32"
  },
  {
    "name": "Laranja - Citrinos do Algarve IGP",
    "href": "/p/promocoes-de-frutas-e-legumes/laranja-citrinos-do-algarve-igp/p138553",
    "price": "2.49",
    "image": "https://pt.cat-ret.assets.lidl/catalog5media/pt/article/80143/xs/80143_01.jpg",
    "dateText": "06.02. - 15.02.",
    "quantityInfo": "Emb. 3 kg | 1 kg = 0.83"
  },
  {
    "name": "Laranja - Citrinos do Algarve IGP",
    "href": "/p/promocoes-de-frutas-e-legumes/laranja-citrinos-do-algarve-igp/p138553",
    "price": "2.49",
    "image": "https://pt.cat-ret.assets.lidl/catalog5media/pt/article/80143/xs/80143_01.jpg",
    "dateText": "06.02. - 15.02.",
    "quantityInfo": "Emb. 3 kg | 1 kg = 0.83"
  },
  {
    "name": "Livarno Home® Acessórios Cosméticos",
    "href": "/p/acessorios-e-artigos-de-casa-de-banho/livarno-home-acessorios-cosmeticos/p138332",
    "price": "3.99",
    "image": "https://pt.cat-ret.assets.lidl/catalog5media/pt/article/392532/xs/392532_02.jpg",
    "dateText": "a partir de 06.02.",
    "quantityInfo": "Cada emb."
  },
  {
    "name": "Livarno Home® Balde para Casa de Banho 2,6 L",
    "href": "/p/acessorios-e-artigos-de-casa-de-banho/livarno-home-balde-para-casa-de-banho-2-6-l/p138316",
    "price": "8.99",
    "image": "https://pt.cat-ret.assets.lidl/catalog5media/pt/article/377197/xs/377197_03.jpg",
    "dateText": "a partir de 06.02.",
    "quantityInfo": "Cada"
  },
  {
    "name": "Livarno Home® Candeeiro de Teto LED para Casa Banho",
    "href": "/p/acessorios-e-artigos-de-casa-de-banho/livarno-home-candeeiro-de-teto-led-para-casa-banho/p138338",
    "price": "27.99",
    "image": "https://pt.cat-ret.assets.lidl/catalog5media/pt/article/419995/xs/419995_02.jpg",
    "dateText": "a partir de 06.02.",
    "quantityInfo": "Cada"
  },
  {
    "name": "Livarno Home® Estante/ Toalheiro em Bambu",
    "href": "/p/acessorios-e-artigos-de-casa-de-banho/livarno-home-estante-toalheiro-em-bambu/p138322",
    "price": "19.99",
    "image": "https://pt.cat-ret.assets.lidl/catalog5media/pt/article/384418/xs/384418_03.jpg",
    "dateText": "a partir de 06.02.",
    "quantityInfo": "Cada"
  },
  {
    "name": "Livarno Home® Organizador de Cosmética",
    "href": "/p/acessorios-e-artigos-de-casa-de-banho/livarno-home-organizador-de-cosmetica/p138531",
    "price": "9.99",
    "image": "https://pt.cat-ret.assets.lidl/catalog5media/pt/article/391048/xs/391048_03.jpg",
    "dateText": "a partir de 06.02.",
    "quantityInfo": "Cada"
  },
  {
    "name": "Livarno Home® Peluche",
    "href": "/p/dia-de-sao-valentim/livarno-home-peluche/p138340",
    "price": "3.99",
    "image": "https://pt.cat-ret.assets.lidl/catalog5media/pt/article/497994/xs/497994_01.jpg",
    "dateText": "a partir de 06.02.",
    "quantityInfo": "Cada"
  },
  {
    "name": "Livarno Home® Tapete Multiúsos",
    "href": "/p/acessorios-e-artigos-de-casa-de-banho/livarno-home-tapete-multiusos/p138330",
    "price": "2.99",
    "image": "https://pt.cat-ret.assets.lidl/catalog5media/pt/article/391438/xs/391438_03.jpg",
    "dateText": "a partir de 06.02.",
    "quantityInfo": "Cada"
  },
  {
    "name": "Livarno Home® Toalha de Banho",
    "href": "/p/acessorios-e-artigos-de-casa-de-banho/livarno-home-toalha-de-banho/p138344",
    "price": "6.98",
    "image": "https://pt.cat-ret.assets.lidl/catalog5media/pt/article/377303/xs/377303_05.jpg",
    "dateText": "a partir de 06.02.",
    "quantityInfo": "Cada"
  },
  {
    "name": "Livarno Home® Utensílios de Manicure/ Pedicure",
    "href": "/p/acessorios-e-artigos-de-casa-de-banho/livarno-home-utensilios-de-manicure-pedicure/p138320",
    "price": "2.99",
    "image": "https://pt.cat-ret.assets.lidl/catalog5media/pt/article/379085/xs/379085_07.jpg",
    "dateText": "a partir de 06.02.",
    "quantityInfo": "Cada emb."
  },
  {
    "name": "Livergy® Boxers 2 Unid. para Homem",
    "href": "/p/dia-de-sao-valentim/livergy-boxers-2-unid-para-homem/p138358",
    "price": "7.99",
    "image": "https://pt.cat-ret.assets.lidl/catalog5media/pt/article/498004/xs/498004_02.jpg",
    "dateText": "a partir de 06.02.",
    "quantityInfo": "Cada emb."
  },
  {
    "name": "Livergy® Calças Chino Bombazine",
    "href": "/p/moda-homem/livergy-calcas-chino-bombazine/p138406",
    "price": "16.99",
    "image": "https://pt.cat-ret.assets.lidl/catalog5media/pt/article/390131/xs/390131_05.jpg",
    "dateText": "a partir de 09.02.",
    "quantityInfo": "Cada"
  },
  {
    "name": "Livergy® Calças de Ganga Sweat",
    "href": "/p/moda-homem/livergy-calcas-de-ganga-sweat/p138412",
    "price": "15.99",
    "image": "https://pt.cat-ret.assets.lidl/catalog5media/pt/article/419618/xs/419618_02.jpg",
    "dateText": "a partir de 09.02.",
    "quantityInfo": "Cada"
  },
  {
    "name": "Livergy® Camisola para Homem",
    "href": "/p/moda-homem/livergy-camisola-para-homem/p138404",
    "price": "8.99",
    "image": "https://pt.cat-ret.assets.lidl/catalog5media/pt/article/390126/xs/390126_03.jpg",
    "dateText": "a partir de 09.02.",
    "quantityInfo": "Cada"
  },
  {
    "name": "Livergy® Casaco Sherpa",
    "href": "/p/moda-homem/livergy-casaco-sherpa/p138410",
    "price": "18.99",
    "image": "https://pt.cat-ret.assets.lidl/catalog5media/pt/article/413076/xs/413076_03.jpg",
    "dateText": "a partir de 09.02.",
    "quantityInfo": "Cada"
  },
  {
    "name": "Livergy® Colete Sweat",
    "href": "/p/moda-homem/livergy-colete-sweat/p138394",
    "price": "14.99",
    "image": "https://pt.cat-ret.assets.lidl/catalog5media/pt/article/362786/xs/362786_03.jpg",
    "dateText": "a partir de 09.02.",
    "quantityInfo": "Cada"
  },
  {
    "name": "Lombinhos de Frango",
    "href": "/p/promocoes-de-carne/lombinhos-de-frango/p138570",
    "price": "2.99",
    "image": "https://pt.cat-ret.assets.lidl/catalog5media/pt/article/5902470/xs/5902470_01.jpg",
    "dateText": "09.02. - 15.02.",
    "quantityInfo": "Emb. 450 g | 1 kg = 6.65"
  },
  {
    "name": "Lombinhos de Frango",
    "href": "/p/promocoes-de-carne/lombinhos-de-frango/p138570",
    "price": "2.99",
    "image": "https://pt.cat-ret.assets.lidl/catalog5media/pt/article/5902470/xs/5902470_01.jpg",
    "dateText": "09.02. - 15.02.",
    "quantityInfo": "Emb. 450 g | 1 kg = 6.65"
  },
  {
    "name": "Lupilu® Calças Sweat para Menina",
    "href": "/p/roupa-de-crianca/lupilu-calcas-sweat-para-menina/p138408",
    "price": "7.99",
    "image": "https://pt.cat-ret.assets.lidl/catalog5media/pt/article/403670/xs/403670_02.jpg",
    "dateText": "a partir de 09.02.",
    "quantityInfo": "Cada"
  },
  {
    "name": "Lupilu® Calças Sweat para Menino",
    "href": "/p/roupa-de-crianca/lupilu-calcas-sweat-para-menino/p138418",
    "price": "7.99",
    "image": "https://pt.cat-ret.assets.lidl/catalog5media/pt/article/498525/xs/498525_02.jpg",
    "dateText": "a partir de 09.02.",
    "quantityInfo": "Cada"
  },
  {
    "name": "Lupilu® Camisola Interior 3 Unid. para Menina",
    "href": "/p/roupa-de-crianca/lupilu-camisola-interior-3-unid-para-menina/p138398",
    "price": "5.99",
    "image": "https://pt.cat-ret.assets.lidl/catalog5media/pt/article/370662/xs/370662_04.jpg",
    "dateText": "a partir de 09.02.",
    "quantityInfo": "Cada emb."
  },
  {
    "name": "Lupilu® Camisola Interior 3 Unid. para Menino",
    "href": "/p/roupa-de-crianca/lupilu-camisola-interior-3-unid-para-menino/p138396",
    "price": "5.99",
    "image": "https://pt.cat-ret.assets.lidl/catalog5media/pt/article/370661/xs/370661_05.jpg",
    "dateText": "a partir de 09.02.",
    "quantityInfo": "Cada emb."
  },
  {
    "name": "Lupilu® Camisola Sweat para Menina",
    "href": "/p/roupa-de-crianca/lupilu-camisola-sweat-para-menina/p138414",
    "price": "7.99",
    "image": "https://pt.cat-ret.assets.lidl/catalog5media/pt/article/498511/xs/498511_03.jpg",
    "dateText": "a partir de 09.02.",
    "quantityInfo": "Cada"
  },
  {
    "name": "Lupilu® Casaco Sweat para Menino",
    "href": "/p/roupa-de-crianca/lupilu-casaco-sweat-para-menino/p138416",
    "price": "9.99",
    "image": "https://pt.cat-ret.assets.lidl/catalog5media/pt/article/498512/xs/498512_02.jpg",
    "dateText": "a partir de 09.02.",
    "quantityInfo": "Cada"
  },
  {
    "name": "Lupilu® Casaco para Menina",
    "href": "/p/roupa-de-crianca/lupilu-casaco-para-menina/p138400",
    "price": "12.99",
    "image": "https://pt.cat-ret.assets.lidl/catalog5media/pt/article/382081/xs/382081_04.jpg",
    "dateText": "a partir de 09.02.",
    "quantityInfo": "Cada"
  },
  {
    "name": "Lupilu® Casaco para Menino",
    "href": "/p/roupa-de-crianca/lupilu-casaco-para-menino/p138402",
    "price": "12.99",
    "image": "https://pt.cat-ret.assets.lidl/catalog5media/pt/article/382081/xs/382081_05.jpg",
    "dateText": "a partir de 09.02.",
    "quantityInfo": "Cada"
  },
  {
    "name": "Lupilu® Jeggings para Menina",
    "href": "/p/roupa-de-crianca/lupilu-jeggings-para-menina/p138420",
    "price": "6.99",
    "image": "https://pt.cat-ret.assets.lidl/catalog5media/pt/article/498526/xs/498526_01.jpg",
    "dateText": "a partir de 09.02.",
    "quantityInfo": "Cada"
  },
  {
    "name": "Maçã Pink Lady",
    "href": "/p/dia-de-sao-valentim/maca-pink-lady/p138827",
    "price": "2.39",
    "image": "https://pt.cat-ret.assets.lidl/catalog5media/pt/article/80214/xs/80214_01.jpg",
    "dateText": "06.02. - 15.02.",
    "quantityInfo": "/kg"
  },
  {
    "name": "Maçã Pink Lady",
    "href": "/p/dia-de-sao-valentim/maca-pink-lady/p138827",
    "price": "2.39",
    "image": "https://pt.cat-ret.assets.lidl/catalog5media/pt/article/80214/xs/80214_01.jpg",
    "dateText": "06.02. - 15.02.",
    "quantityInfo": "/kg"
  },
  {
    "name": "Marquês de Borba® Vinho Tinto Alentejo DOC",
    "href": "/p/vinhos-queijos-enchidos-da-nossa-terra/marques-de-borba-vinho-tinto-alentejo-doc/p138539",
    "price": "4.65",
    "image": "https://pt.cat-ret.assets.lidl/catalog5media/pt/article/1664/xs/1664_01.jpg",
    "dateText": "a partir de 30.01.",
    "quantityInfo": "Garrafa 0,75 L | 1 L = 6.20"
  },
  {
    "name": "Meandro® Vinho Tinto Douro DOC",
    "href": "/p/vinhos-queijos-enchidos-da-nossa-terra/meandro-vinho-tinto-douro-doc/p138551",
    "price": "11.99",
    "image": "https://pt.cat-ret.assets.lidl/catalog5media/pt/article/5907225/xs/5907225_02.jpg",
    "dateText": "a partir de 30.01.",
    "quantityInfo": "Garrafa 0,75 L | 1 L = 15.99"
  },
  {
    "name": "Mimosa® Manteiga Magra",
    "href": "/p/promocoes-de-frescos/mimosa-manteiga-magra/p138594",
    "price": "2.14",
    "image": "https://pt.cat-ret.assets.lidl/catalog5media/pt/article/2871/xs/2871_01.jpg",
    "dateText": "a partir de 09.02.",
    "quantityInfo": "Emb. 250 g | 1 kg = 8.56"
  },
  {
    "name": "Mimosa® Manteiga Magra",
    "href": "/p/promocoes-de-frescos/mimosa-manteiga-magra/p138594",
    "price": "2.14",
    "image": "https://pt.cat-ret.assets.lidl/catalog5media/pt/article/2871/xs/2871_01.jpg",
    "dateText": "a partir de 09.02.",
    "quantityInfo": "Emb. 250 g | 1 kg = 8.56"
  },
  {
    "name": "Miolo de Amêijoa Dourada",
    "href": "/p/promocoes-de-peixe/miolo-de-ameijoa-dourada/p138576",
    "price": "2.69",
    "image": "https://pt.cat-ret.assets.lidl/catalog5media/pt/article/5710215/xs/5710215_01.jpg",
    "dateText": "06.02. - 12.02.",
    "quantityInfo": "Emb. 250 g | 1 kg = 10.76"
  },
  {
    "name": "Miolo de Amêijoa Dourada",
    "href": "/p/promocoes-de-peixe/miolo-de-ameijoa-dourada/p138576",
    "price": "2.69",
    "image": "https://pt.cat-ret.assets.lidl/catalog5media/pt/article/5710215/xs/5710215_01.jpg",
    "dateText": "06.02. - 12.02.",
    "quantityInfo": "Emb. 250 g | 1 kg = 10.76"
  },
  {
    "name": "Mix de Cogumelos Baby Nacional",
    "href": "/p/produtos-italianos/mix-de-cogumelos-baby-nacional/p138654",
    "price": "2.99",
    "image": "https://pt.cat-ret.assets.lidl/catalog5media/pt/article/83049/xs/83049_01.jpg",
    "dateText": "06.02. - 15.02.",
    "quantityInfo": "Emb. 300 g | 1 kg = 9.97"
  },
  {
    "name": "Mix de Cogumelos Baby Nacional",
    "href": "/p/produtos-italianos/mix-de-cogumelos-baby-nacional/p138654",
    "price": "2.99",
    "image": "https://pt.cat-ret.assets.lidl/catalog5media/pt/article/83049/xs/83049_01.jpg",
    "dateText": "06.02. - 15.02.",
    "quantityInfo": "Emb. 300 g | 1 kg = 9.97"
  },
  {
    "name": "Mix de Valentim em Vaso",
    "href": "/p/dia-de-sao-valentim/mix-de-valentim-em-vaso/p138841",
    "price": "5.99",
    "image": "https://pt.cat-ret.assets.lidl/catalog5media/pt/article/58376/xs/58376_01.jpg",
    "dateText": "a partir de 09.02.",
    "quantityInfo": "Cada unid."
  },
  {
    "name": "Mix de Valentim em Vaso",
    "href": "/p/dia-de-sao-valentim/mix-de-valentim-em-vaso/p138841",
    "price": "5.99",
    "image": "https://pt.cat-ret.assets.lidl/catalog5media/pt/article/58376/xs/58376_01.jpg",
    "dateText": "a partir de 09.02.",
    "quantityInfo": "Cada unid."
  },
  {
    "name": "Moga Doyro® Queijo de Cabra Curado",
    "href": "/p/vinhos-queijos-enchidos-da-nossa-terra/moga-doyro-queijo-de-cabra-curado/p138197",
    "price": "4.79",
    "image": "https://pt.cat-ret.assets.lidl/catalog5media/pt/article/5909237/xs/5909237_01.jpg",
    "dateText": "30.01. - 12.02.",
    "quantityInfo": "Unid."
  },
  {
    "name": "Mondos® Preservativos",
    "href": "/p/dia-de-sao-valentim/mondos-preservativos/p138837",
    "price": "2.99",
    "image": "https://pt.cat-ret.assets.lidl/catalog5media/pt/article/8089/xs/8089_03.jpg",
    "dateText": "06.02. - 15.02.",
    "quantityInfo": "Cada emb. 12 unid."
  },
  {
    "name": "Mondos® Preservativos",
    "href": "/p/dia-de-sao-valentim/mondos-preservativos/p138837",
    "price": "2.99",
    "image": "https://pt.cat-ret.assets.lidl/catalog5media/pt/article/8089/xs/8089_03.jpg",
    "dateText": "06.02. - 15.02.",
    "quantityInfo": "Cada emb. 12 unid."
  },
  {
    "name": "Monissa® Chamuças de Carne/ Vegetais",
    "href": "/p/promocoes-de-frescos/monissa-chamucas-de-carne-vegetais/p138597",
    "price": "1.89",
    "image": "https://pt.cat-ret.assets.lidl/catalog5media/pt/article/7298/xs/7298_01.jpg",
    "dateText": "09.02. - 15.02.",
    "quantityInfo": "Cada emb. 6x40 g | 1 kg = 7.88"
  },
  {
    "name": "Monissa® Chamuças de Carne/ Vegetais",
    "href": "/p/promocoes-de-frescos/monissa-chamucas-de-carne-vegetais/p138597",
    "price": "1.89",
    "image": "https://pt.cat-ret.assets.lidl/catalog5media/pt/article/7298/xs/7298_01.jpg",
    "dateText": "09.02. - 15.02.",
    "quantityInfo": "Cada emb. 6x40 g | 1 kg = 7.88"
  },
  {
    "name": "Monsaraz® Vinho Tinto Alentejo DOC",
    "href": "/p/promocoes-de-bebidas/monsaraz-vinho-tinto-alentejo-doc/p138152",
    "price": "2.99",
    "image": "https://pt.cat-ret.assets.lidl/catalog5media/pt/article/1886/xs/1886_01.jpg",
    "dateText": "06.02. - 15.02.",
    "quantityInfo": "Garrafa 0,75 L | 1 L = 3.99"
  },
  {
    "name": "Monsaraz® Vinho Tinto Alentejo DOC",
    "href": "/p/promocoes-de-bebidas/monsaraz-vinho-tinto-alentejo-doc/p138152",
    "price": "2.99",
    "image": "https://pt.cat-ret.assets.lidl/catalog5media/pt/article/1886/xs/1886_01.jpg",
    "dateText": "06.02. - 15.02.",
    "quantityInfo": "Garrafa 0,75 L | 1 L = 3.99"
  },
  {
    "name": "Montaraz® Paio de Porco Preto Alentejano",
    "href": "/p/vinhos-queijos-enchidos-da-nossa-terra/montaraz-paio-de-porco-preto-alentejano/p138209",
    "price": "3.99",
    "image": "https://pt.cat-ret.assets.lidl/catalog5media/pt/article/5911117/xs/5911117_01.jpg",
    "dateText": "a partir de 30.01.",
    "quantityInfo": "Emb. 150 g | 1 kg = 26.60"
  },
  {
    "name": "Montaraz® Paio do Lombo de Porco Preto Alentejano",
    "href": "/p/vinhos-queijos-enchidos-da-nossa-terra/montaraz-paio-do-lombo-de-porco-preto-alentejano/p138194",
    "price": "5.39",
    "image": "https://pt.cat-ret.assets.lidl/catalog5media/pt/article/5911118/xs/5911118_01.jpg",
    "dateText": "a partir de 30.01.",
    "quantityInfo": "Emb. 50 g | 100 g = 10.78"
  },
  {
    "name": "Montaraz® Paleta de Porco Preto Alentejano",
    "href": "/p/vinhos-queijos-enchidos-da-nossa-terra/montaraz-paleta-de-porco-preto-alentejano/p138211",
    "price": "6.49",
    "image": "https://pt.cat-ret.assets.lidl/catalog5media/pt/article/5911120/xs/5911120_01.jpg",
    "dateText": "a partir de 30.01.",
    "quantityInfo": "Emb. 50 g | 100 g = 12.98"
  },
  {
    "name": "Montaraz® Presunto de Porco Preto Alentejano",
    "href": "/p/vinhos-queijos-enchidos-da-nossa-terra/montaraz-presunto-de-porco-preto-alentejano/p138212",
    "price": "7.99",
    "image": "https://pt.cat-ret.assets.lidl/catalog5media/pt/article/5911116/xs/5911116_01.jpg",
    "dateText": "a partir de 30.01.",
    "quantityInfo": "Emb. 50 g | 100 g = 15.98"
  },
  {
    "name": "Montaraz® Salsichão de Porco Preto Alentejano",
    "href": "/p/vinhos-queijos-enchidos-da-nossa-terra/montaraz-salsichao-de-porco-preto-alentejano/p138210",
    "price": "4.39",
    "image": "https://pt.cat-ret.assets.lidl/catalog5media/pt/article/5911119/xs/5911119_01.jpg",
    "dateText": "a partir de 30.01.",
    "quantityInfo": "Emb. 150 g | 1 kg = 29.27"
  },
  {
    "name": "Monte Velho® Vinho Tinto Regional Alentejano",
    "href": "/p/vinhos-queijos-enchidos-da-nossa-terra/monte-velho-vinho-tinto-regional-alentejano/p138546",
    "price": "3.89",
    "image": "https://pt.cat-ret.assets.lidl/catalog5media/pt/article/5372/xs/5372_01.jpg",
    "dateText": "30.01. - 12.02.",
    "quantityInfo": "Garrafa 0,75 L | 1 L = 5.19"
  },
  {
    "name": "Monte da Ravasqueira® Vinho Tinto Regional Alentejano",
    "href": "/p/vinhos-queijos-enchidos-da-nossa-terra/monte-da-ravasqueira-vinho-tinto-regional-alentejano/p138540",
    "price": "3.84",
    "image": "https://pt.cat-ret.assets.lidl/catalog5media/pt/article/1658/xs/1658_01.jpg",
    "dateText": "a partir de 30.01.",
    "quantityInfo": "Garrafa 0,75 L | 1 L = 5.12"
  },
  {
    "name": "Muralhas de Monção® Vinho Verde Branco DOC",
    "href": "/p/vinhos-queijos-enchidos-da-nossa-terra/muralhas-de-moncao-vinho-verde-branco-doc/p138174",
    "price": "3.59",
    "image": "https://pt.cat-ret.assets.lidl/catalog5media/pt/article/5905204/xs/5905204_01.jpg",
    "dateText": "30.01. - 12.02.",
    "quantityInfo": "Garrafa 0,75 L | 1 L = 4.79"
  },
  {
    "name": "Namorico® Vinho Branco Frisante",
    "href": "/p/dia-de-sao-valentim/namorico-vinho-branco-frisante/p138832",
    "price": "1.59",
    "image": "https://pt.cat-ret.assets.lidl/catalog5media/pt/article/5908902/xs/5908902.jpg",
    "dateText": "06.02. - 15.02.",
    "quantityInfo": "Garrafa 0,75 L | 1 L = 2.12"
  },
  {
    "name": "Namorico® Vinho Branco Frisante",
    "href": "/p/dia-de-sao-valentim/namorico-vinho-branco-frisante/p138832",
    "price": "1.59",
    "image": "https://pt.cat-ret.assets.lidl/catalog5media/pt/article/5908902/xs/5908902.jpg",
    "dateText": "06.02. - 15.02.",
    "quantityInfo": "Garrafa 0,75 L | 1 L = 2.12"
  },
  {
    "name": "Narta® Desodorizante em Roll-On",
    "href": "/p/promocoes-de-higiene-e-limpeza/narta-desodorizante-em-roll-on/p138635",
    "price": "2.25",
    "image": "https://pt.cat-ret.assets.lidl/catalog5media/pt/article/5908758/xs/5908758_01.jpg",
    "dateText": "06.02. - 12.02.",
    "quantityInfo": "Cada emb. 50 ml | 100 ml = 4.50"
  },
  {
    "name": "Narta® Desodorizante em Roll-On",
    "href": "/p/promocoes-de-higiene-e-limpeza/narta-desodorizante-em-roll-on/p138635",
    "price": "2.25",
    "image": "https://pt.cat-ret.assets.lidl/catalog5media/pt/article/5908758/xs/5908758_01.jpg",
    "dateText": "06.02. - 12.02.",
    "quantityInfo": "Cada emb. 50 ml | 100 ml = 4.50"
  },
  {
    "name": "Naturis® Água Mineral com Gás",
    "href": "/p/promocoes-de-bebidas/naturis-agua-mineral-com-gas/p138621",
    "price": "1.69",
    "image": "https://pt.cat-ret.assets.lidl/catalog5media/pt/article/5706095/xs/5706095_01.jpg",
    "dateText": "06.02. - 12.02.",
    "quantityInfo": "Pack 6x500 ml | 1 L = 0.57"
  },
  {
    "name": "Naturis® Água Mineral com Gás",
    "href": "/p/promocoes-de-bebidas/naturis-agua-mineral-com-gas/p138621",
    "price": "1.69",
    "image": "https://pt.cat-ret.assets.lidl/catalog5media/pt/article/5706095/xs/5706095_01.jpg",
    "dateText": "06.02. - 12.02.",
    "quantityInfo": "Pack 6x500 ml | 1 L = 0.57"
  },
  {
    "name": "Nestlé®Cerelac® Farinha Não Láctea",
    "href": "/p/promocoes-de-mercearia/nestle-cerelac-farinha-nao-lactea/p138601",
    "price": "1.39",
    "image": "https://pt.cat-ret.assets.lidl/catalog5media/pt/article/3764/xs/3764_01.jpg",
    "dateText": "06.02. - 12.02.",
    "quantityInfo": "Emb. 250 g | 1 kg = 5.56"
  },
  {
    "name": "Nestlé®Cerelac® Farinha Não Láctea",
    "href": "/p/promocoes-de-mercearia/nestle-cerelac-farinha-nao-lactea/p138601",
    "price": "1.39",
    "image": "https://pt.cat-ret.assets.lidl/catalog5media/pt/article/3764/xs/3764_01.jpg",
    "dateText": "06.02. - 12.02.",
    "quantityInfo": "Emb. 250 g | 1 kg = 5.56"
  },
  {
    "name": "Ocean Sea® Filetes de Paloco",
    "href": "/p/promocoes-de-peixe/ocean-sea-filetes-de-paloco/p138580",
    "price": "5.49",
    "image": "https://pt.cat-ret.assets.lidl/catalog5media/pt/article/3254/xs/3254_01.jpg",
    "dateText": "09.02. - 15.02.",
    "quantityInfo": "Emb. 900 g | 1 kg = 6.10"
  },
  {
    "name": "Ocean Sea® Filetes de Paloco",
    "href": "/p/promocoes-de-peixe/ocean-sea-filetes-de-paloco/p138580",
    "price": "5.49",
    "image": "https://pt.cat-ret.assets.lidl/catalog5media/pt/article/3254/xs/3254_01.jpg",
    "dateText": "09.02. - 15.02.",
    "quantityInfo": "Emb. 900 g | 1 kg = 6.10"
  },
  {
    "name": "Ocean Sea® Lula Limpa XXL",
    "href": "/p/promocoes-de-peixe/ocean-sea-lula-limpa-xxl/p138581",
    "price": "8.79",
    "image": "https://pt.cat-ret.assets.lidl/catalog5media/pt/article/5906603/xs/5906603_01.jpg",
    "dateText": "a partir de 09.02.",
    "quantityInfo": ""
  },
  {
    "name": "Ocean Sea® Lula Limpa XXL",
    "href": "/p/promocoes-de-peixe/ocean-sea-lula-limpa-xxl/p138581",
    "price": "8.79",
    "image": "https://pt.cat-ret.assets.lidl/catalog5media/pt/article/5906603/xs/5906603_01.jpg",
    "dateText": "a partir de 09.02.",
    "quantityInfo": ""
  },
  {
    "name": "Ocean Sea® Mariscada sem Glúten",
    "href": "/p/promocoes-de-peixe/ocean-sea-mariscada-sem-gluten/p138579",
    "price": "4.99",
    "image": "https://pt.cat-ret.assets.lidl/catalog5media/pt/article/5906333/xs/5906333_01.jpg",
    "dateText": "06.02. - 12.02.",
    "quantityInfo": "Emb. 800 g | 1 kg = 6.24"
  },
  {
    "name": "Ocean Sea® Mariscada sem Glúten",
    "href": "/p/promocoes-de-peixe/ocean-sea-mariscada-sem-gluten/p138579",
    "price": "4.99",
    "image": "https://pt.cat-ret.assets.lidl/catalog5media/pt/article/5906333/xs/5906333_01.jpg",
    "dateText": "06.02. - 12.02.",
    "quantityInfo": "Emb. 800 g | 1 kg = 6.24"
  },
  {
    "name": "Ocean Sea® Maruca em Postas",
    "href": "/p/promocoes-de-peixe/ocean-sea-maruca-em-postas/p138575",
    "price": "4.99",
    "image": "https://pt.cat-ret.assets.lidl/catalog5media/pt/article/5903656/xs/5903656_01.jpg",
    "dateText": "06.02. - 12.02.",
    "quantityInfo": "Emb. 700 g | 1 kg = 7.13"
  },
  {
    "name": "Ocean Sea® Maruca em Postas",
    "href": "/p/promocoes-de-peixe/ocean-sea-maruca-em-postas/p138575",
    "price": "4.99",
    "image": "https://pt.cat-ret.assets.lidl/catalog5media/pt/article/5903656/xs/5903656_01.jpg",
    "dateText": "06.02. - 12.02.",
    "quantityInfo": "Emb. 700 g | 1 kg = 7.13"
  },
  {
    "name": "Ocean Sea® Postas de Pescada do Cabo",
    "href": "/p/promocoes-de-peixe/ocean-sea-postas-de-pescada-do-cabo/p138585",
    "price": "6.29",
    "image": "https://pt.cat-ret.assets.lidl/catalog5media/pt/article/5707451/xs/5707451_01.jpg",
    "dateText": "09.02. - 15.02.",
    "quantityInfo": "Emb. 1 kg"
  },
  {
    "name": "Ocean Sea® Postas de Pescada do Cabo",
    "href": "/p/promocoes-de-peixe/ocean-sea-postas-de-pescada-do-cabo/p138585",
    "price": "6.29",
    "image": "https://pt.cat-ret.assets.lidl/catalog5media/pt/article/5707451/xs/5707451_01.jpg",
    "dateText": "09.02. - 15.02.",
    "quantityInfo": "Emb. 1 kg"
  },
  {
    "name": "Orlando® Alimento Húmido para Cão Pure Taste",
    "href": "/p/promocoes-de-higiene-e-limpeza/orlando-alimento-humido-para-cao-pure-taste/p138636",
    "price": "1.79",
    "image": "https://pt.cat-ret.assets.lidl/catalog5media/pt/article/141357/xs/141357_01.jpg",
    "dateText": "06.02. - 12.02.",
    "quantityInfo": "Cada emb. 4x100 g | 1 kg = 4.48"
  },
  {
    "name": "Orlando® Alimento Húmido para Cão Pure Taste",
    "href": "/p/promocoes-de-higiene-e-limpeza/orlando-alimento-humido-para-cao-pure-taste/p138636",
    "price": "1.79",
    "image": "https://pt.cat-ret.assets.lidl/catalog5media/pt/article/141357/xs/141357_01.jpg",
    "dateText": "06.02. - 12.02.",
    "quantityInfo": "Cada emb. 4x100 g | 1 kg = 4.48"
  },
  {
    "name": "Orquídea em Vaso de Cerâmica",
    "href": "/p/dia-de-sao-valentim/orquidea-em-vaso-de-ceramica/p138844",
    "price": "10.99",
    "image": "https://pt.cat-ret.assets.lidl/catalog5media/pt/article/62738/xs/62738_01.jpg",
    "dateText": "a partir de 09.02.",
    "quantityInfo": "Cada unid."
  },
  {
    "name": "Orquídea em Vaso de Cerâmica",
    "href": "/p/dia-de-sao-valentim/orquidea-em-vaso-de-ceramica/p138844",
    "price": "10.99",
    "image": "https://pt.cat-ret.assets.lidl/catalog5media/pt/article/62738/xs/62738_01.jpg",
    "dateText": "a partir de 09.02.",
    "quantityInfo": "Cada unid."
  },
  {
    "name": "Osso Buco",
    "href": "/p/produtos-italianos/osso-buco/p138646",
    "price": "7.99",
    "image": "https://pt.cat-ret.assets.lidl/catalog5media/pt/article/5907582/xs/5907582_01.jpg",
    "dateText": "a partir de 06.02.",
    "quantityInfo": "/kg"
  },
  {
    "name": "Osso Buco",
    "href": "/p/produtos-italianos/osso-buco/p138646",
    "price": "7.99",
    "image": "https://pt.cat-ret.assets.lidl/catalog5media/pt/article/5907582/xs/5907582_01.jpg",
    "dateText": "a partir de 06.02.",
    "quantityInfo": "/kg"
  },
  {
    "name": "Óculos Festivos",
    "href": "/p/carnaval/oculos-festivos/p138366",
    "price": "3.99",
    "image": "https://pt.cat-ret.assets.lidl/catalog5media/pt/article/499645/xs/499645_01.jpg",
    "dateText": "a partir de 06.02.",
    "quantityInfo": "Cada"
  },
  {
    "name": "Pacheca® Vinho Tinto Douro DOC Escolha",
    "href": "/p/vinhos-queijos-enchidos-da-nossa-terra/pacheca-vinho-tinto-douro-doc-escolha/p138176",
    "price": "5.49",
    "image": "https://pt.cat-ret.assets.lidl/catalog5media/pt/article/5908399/xs/5908399_01.jpg",
    "dateText": "30.01. - 12.02.",
    "quantityInfo": "Garrafa 0,75 L | 1 L = 7.32"
  },
  {
    "name": "Paço do Bispo® Vinho Tinto Palmela DOC Reserva",
    "href": "/p/vinhos-queijos-enchidos-da-nossa-terra/paco-do-bispo-vinho-tinto-palmela-doc-reserva/p138306",
    "price": "2.15",
    "image": "https://pt.cat-ret.assets.lidl/catalog5media/pt/article/7799/xs/7799_01.jpg",
    "dateText": "30.01. - 12.02.",
    "quantityInfo": "Garrafa 0,75 L | 1 L = 2.87"
  },
  {
    "name": "Papa Figos® Vinho Tinto/ Branco Douro DOC",
    "href": "/p/vinhos-queijos-enchidos-da-nossa-terra/papa-figos-vinho-tinto-branco-douro-doc/p138177",
    "price": "6.19",
    "image": "https://pt.cat-ret.assets.lidl/catalog5media/pt/article/5905260/xs/5905260_01.jpg",
    "dateText": "30.01. - 12.02.",
    "quantityInfo": "Cada garrafa 0,75 L | 1 L = 8.26"
  },
  {
    "name": "Papaia",
    "href": "/p/promocoes-de-frutas-e-legumes/papaia/p138557",
    "price": "3.69",
    "image": "https://pt.cat-ret.assets.lidl/catalog5media/pt/article/80730/xs/80730_01.jpg",
    "dateText": "06.02. - 15.02.",
    "quantityInfo": "/ kg"
  },
  {
    "name": "Papaia",
    "href": "/p/promocoes-de-frutas-e-legumes/papaia/p138557",
    "price": "3.69",
    "image": "https://pt.cat-ret.assets.lidl/catalog5media/pt/article/80730/xs/80730_01.jpg",
    "dateText": "06.02. - 15.02.",
    "quantityInfo": "/ kg"
  },
  {
    "name": "Parkside® Conjunto de Abraçadeiras",
    "href": "/p/ferramentas-parkside/parkside-conjunto-de-abracadeiras/p138372",
    "price": "2.99",
    "image": "https://pt.cat-ret.assets.lidl/catalog5media/pt/article/379095/xs/379095_02.jpg",
    "dateText": "a partir de 09.02.",
    "quantityInfo": "Cada conj."
  },
  {
    "name": "Parkside® Conjunto de Acessórios",
    "href": "/p/ferramentas-parkside/parkside-conjunto-de-acessorios/p138392",
    "price": "3.49",
    "image": "https://pt.cat-ret.assets.lidl/catalog5media/pt/article/499807/xs/499807_01.jpg",
    "dateText": "a partir de 09.02.",
    "quantityInfo": "Cada conj."
  },
  {
    "name": "Parkside® Conjunto de Brocas HSS",
    "href": "/p/ferramentas-parkside/parkside-conjunto-de-brocas-hss/p138376",
    "price": "12.99",
    "image": "https://pt.cat-ret.assets.lidl/catalog5media/pt/article/390499/xs/390499_04.jpg",
    "dateText": "a partir de 09.02.",
    "quantityInfo": "Cada conj."
  },
  {
    "name": "Parkside® Conjunto de Chaves Combinadas",
    "href": "/p/ferramentas-parkside/parkside-conjunto-de-chaves-combinadas/p138390",
    "price": "11.99",
    "image": "https://pt.cat-ret.assets.lidl/catalog5media/pt/article/499602/xs/499602_01.jpg",
    "dateText": "a partir de 09.02.",
    "quantityInfo": "Cada emb."
  },
  {
    "name": "Parkside® Kit de Ferramentas de Percussão",
    "href": "/p/ferramentas-parkside/parkside-kit-de-ferramentas-de-percussao/p138370",
    "price": "7.99",
    "image": "https://pt.cat-ret.assets.lidl/catalog5media/pt/article/373886/xs/373886_04.jpg",
    "dateText": "a partir de 09.02.",
    "quantityInfo": "Cada conj."
  },
  {
    "name": "Parkside® Lanterna LED",
    "href": "/p/ferramentas-parkside/parkside-lanterna-led/p138382",
    "price": "6.99",
    "image": "https://pt.cat-ret.assets.lidl/catalog5media/pt/article/499239/xs/499239_01.jpg",
    "dateText": "a partir de 09.02.",
    "quantityInfo": "Cada emb."
  },
  {
    "name": "Parkside® Lixadora de Prato 140 W",
    "href": "/p/ferramentas-parkside/parkside-lixadora-de-prato-140-w/p138386",
    "price": "39.99",
    "image": "https://pt.cat-ret.assets.lidl/catalog5media/pt/article/499263/xs/499263_01.jpg",
    "dateText": "a partir de 09.02.",
    "quantityInfo": "Cada"
  },
  {
    "name": "Parkside® Painel para Ferramentas",
    "href": "/p/ferramentas-parkside/parkside-painel-para-ferramentas/p138388",
    "price": "9.99",
    "image": "https://pt.cat-ret.assets.lidl/catalog5media/pt/article/499264/xs/499264_02.jpg",
    "dateText": "a partir de 09.02.",
    "quantityInfo": "Cada"
  },
  {
    "name": "Parkside® Perfuradora de Bancada 710 W",
    "href": "/p/ferramentas-parkside/parkside-perfuradora-de-bancada-710-w/p138374",
    "price": "99.99",
    "image": "https://pt.cat-ret.assets.lidl/catalog5media/pt/article/380689/xs/380689_03.jpg",
    "dateText": "a partir de 09.02.",
    "quantityInfo": "Cada"
  },
  {
    "name": "Parkside® Serra de Fita 350 W",
    "href": "/p/ferramentas-parkside/parkside-serra-de-fita-350-w/p133914",
    "price": "79.98",
    "image": "https://pt.cat-ret.assets.lidl/catalog5media/pt/article/373545/xs/373545_03.jpg",
    "dateText": "a partir de 09.02.",
    "quantityInfo": "Cada"
  },
  {
    "name": "Parkside® Serrote/ Serra Manual/ Arco",
    "href": "/p/ferramentas-parkside/parkside-serrote-serra-manual-arco/p138384",
    "price": "3.99",
    "image": "https://pt.cat-ret.assets.lidl/catalog5media/pt/article/499251/xs/499251_02.jpg",
    "dateText": "a partir de 09.02.",
    "quantityInfo": "Cada"
  },
  {
    "name": "Parkside® Sortido Anilhas de Vedação/ O-rings",
    "href": "/p/ferramentas-parkside/parkside-sortido-anilhas-de-vedacao-o-rings/p138378",
    "price": "6.99",
    "image": "https://pt.cat-ret.assets.lidl/catalog5media/pt/article/403224/xs/403224_02.jpg",
    "dateText": "a partir de 09.02.",
    "quantityInfo": "Cada emb."
  },
  {
    "name": "Pão de Mistura da Baviera",
    "href": "/p/promocoes-de-frescos/pao-de-mistura-da-baviera/p138593",
    "price": "0.79",
    "image": "https://pt.cat-ret.assets.lidl/catalog5media/pt/article/5905117/xs/5905117_01.jpg",
    "dateText": "09.02. - 15.02.",
    "quantityInfo": "Unid. 400 g | 1 kg = 1.98"
  },
  {
    "name": "Pão de Mistura da Baviera",
    "href": "/p/promocoes-de-frescos/pao-de-mistura-da-baviera/p138593",
    "price": "0.79",
    "image": "https://pt.cat-ret.assets.lidl/catalog5media/pt/article/5905117/xs/5905117_01.jpg",
    "dateText": "09.02. - 15.02.",
    "quantityInfo": "Unid. 400 g | 1 kg = 1.98"
  },
  {
    "name": "Peluche com Chocolate",
    "href": "/p/dia-de-sao-valentim/peluche-com-chocolate/p138532",
    "price": "5.49",
    "image": "https://pt.cat-ret.assets.lidl/catalog5media/pt/article/171862/xs/171862_01.jpg",
    "dateText": "a partir de 06.02.",
    "quantityInfo": "Cada"
  },
  {
    "name": "Pera Rocha do Oeste DOP",
    "href": "/p/promocoes-de-frutas-e-legumes/pera-rocha-do-oeste-dop/p138555",
    "price": "1.69",
    "image": "https://pt.cat-ret.assets.lidl/catalog5media/pt/article/80281/xs/80281_01.jpg",
    "dateText": "06.02. - 15.02.",
    "quantityInfo": "/ kg"
  },
  {
    "name": "Pera Rocha do Oeste DOP",
    "href": "/p/promocoes-de-frutas-e-legumes/pera-rocha-do-oeste-dop/p138555",
    "price": "1.69",
    "image": "https://pt.cat-ret.assets.lidl/catalog5media/pt/article/80281/xs/80281_01.jpg",
    "dateText": "06.02. - 15.02.",
    "quantityInfo": "/ kg"
  },
  {
    "name": "Periquita® Vinho Tinto Regional Península de Setúbal Reserva",
    "href": "/p/vinhos-queijos-enchidos-da-nossa-terra/periquita-vinho-tinto-regional-peninsula-de-setubal-reserva/p138310",
    "price": "6.99",
    "image": "https://pt.cat-ret.assets.lidl/catalog5media/pt/article/5901490/xs/5901490_01.jpg",
    "dateText": "a partir de 30.01.",
    "quantityInfo": "Garrafa 0,75 L | 1 L = 9.32"
  },
  {
    "name": "Perlenbacher® Cerveja Alemã",
    "href": "/p/promocoes-de-bebidas/perlenbacher-cerveja-alema/p138623",
    "price": "3.49",
    "image": "https://pt.cat-ret.assets.lidl/catalog5media/pt/article/5186/xs/5186_3.jpg",
    "dateText": "06.02. - 12.02.",
    "quantityInfo": "Pack 6x0,50 L | 1 L = 1.17"
  },
  {
    "name": "Perlenbacher® Cerveja Alemã",
    "href": "/p/promocoes-de-bebidas/perlenbacher-cerveja-alema/p138623",
    "price": "3.49",
    "image": "https://pt.cat-ret.assets.lidl/catalog5media/pt/article/5186/xs/5186_3.jpg",
    "dateText": "06.02. - 12.02.",
    "quantityInfo": "Pack 6x0,50 L | 1 L = 1.17"
  },
  {
    "name": "Perna de Frango Inteira",
    "href": "/p/promocoes-de-carne/perna-de-frango-inteira/p138563",
    "price": "3.79",
    "image": "https://pt.cat-ret.assets.lidl/catalog5media/pt/article/7980/xs/7980_01.jpg",
    "dateText": "06.02. - 12.02.",
    "quantityInfo": "Emb. 1,5 kg | 1 kg = 2.53"
  },
  {
    "name": "Perna de Frango Inteira",
    "href": "/p/promocoes-de-carne/perna-de-frango-inteira/p138563",
    "price": "3.79",
    "image": "https://pt.cat-ret.assets.lidl/catalog5media/pt/article/7980/xs/7980_01.jpg",
    "dateText": "06.02. - 12.02.",
    "quantityInfo": "Emb. 1,5 kg | 1 kg = 2.53"
  },
  {
    "name": "Peruca",
    "href": "/p/carnaval/peruca/p138364",
    "price": "4.99",
    "image": "https://pt.cat-ret.assets.lidl/catalog5media/pt/article/499643/xs/499643_05.jpg",
    "dateText": "a partir de 06.02.",
    "quantityInfo": "Cada"
  },
  {
    "name": "Pescanova® Mimos de Pescada",
    "href": "/p/promocoes-de-peixe/pescanova-mimos-de-pescada/p138578",
    "price": "3.69",
    "image": "https://pt.cat-ret.assets.lidl/catalog5media/pt/article/7265/xs/7265_01.jpg",
    "dateText": "a partir de 06.02.",
    "quantityInfo": "Emb. 360 g | 1 kg = 10.25"
  },
  {
    "name": "Pescanova® Mimos de Pescada",
    "href": "/p/promocoes-de-peixe/pescanova-mimos-de-pescada/p138578",
    "price": "3.69",
    "image": "https://pt.cat-ret.assets.lidl/catalog5media/pt/article/7265/xs/7265_01.jpg",
    "dateText": "a partir de 06.02.",
    "quantityInfo": "Emb. 360 g | 1 kg = 10.25"
  },
  {
    "name": "Phalaenopsis 50 cm",
    "href": "/p/dia-de-sao-valentim/phalaenopsis-50-cm/p138842",
    "price": "9.99",
    "image": "https://pt.cat-ret.assets.lidl/catalog5media/pt/article/77724/xs/77724_03.jpg",
    "dateText": "a partir de 09.02.",
    "quantityInfo": "Cada unid."
  },
  {
    "name": "Phalaenopsis 50 cm",
    "href": "/p/dia-de-sao-valentim/phalaenopsis-50-cm/p138842",
    "price": "9.99",
    "image": "https://pt.cat-ret.assets.lidl/catalog5media/pt/article/77724/xs/77724_03.jpg",
    "dateText": "a partir de 09.02.",
    "quantityInfo": "Cada unid."
  },
  {
    "name": "Planalto® Vinho Branco Douro DOC Reserva",
    "href": "/p/vinhos-queijos-enchidos-da-nossa-terra/planalto-vinho-branco-douro-doc-reserva/p138178",
    "price": "4.19",
    "image": "https://pt.cat-ret.assets.lidl/catalog5media/pt/article/5570/xs/5570_01.jpg",
    "dateText": "30.01. - 12.02.",
    "quantityInfo": "Garrafa 0,75 L | 1 L = 5.59"
  },
  {
    "name": "Porco Preto® Vinho Tinto Regional Alentejano",
    "href": "/p/vinhos-queijos-enchidos-da-nossa-terra/porco-preto-vinho-tinto-regional-alentejano/p138191",
    "price": "3.49",
    "image": "https://pt.cat-ret.assets.lidl/catalog5media/pt/article/5910184/xs/5910184_01.jpg",
    "dateText": "30.01. - 12.02.",
    "quantityInfo": "Garrafa 0,75 L | 1 L = 4.66"
  },
  {
    "name": "Prazo de Roriz® Vinho Tinto Douro DOC",
    "href": "/p/vinhos-queijos-enchidos-da-nossa-terra/prazo-de-roriz-vinho-tinto-douro-doc/p138288",
    "price": "7.99",
    "image": "https://pt.cat-ret.assets.lidl/catalog5media/pt/article/5904233/xs/5904233_01.jpg",
    "dateText": "a partir de 30.01.",
    "quantityInfo": "Garrafa 0,75 L | 1 L = 10.66"
  },
  {
    "name": "Preguinho de Novilho",
    "href": "/p/promocoes-de-carne/preguinho-de-novilho/p138572",
    "price": "2.99",
    "image": "https://pt.cat-ret.assets.lidl/catalog5media/pt/article/5902404/xs/5902404_01.jpg",
    "dateText": "09.02. - 15.02.",
    "quantityInfo": "Emb. 200 g | 1 kg = 14.95"
  },
  {
    "name": "Preguinho de Novilho",
    "href": "/p/promocoes-de-carne/preguinho-de-novilho/p138572",
    "price": "2.99",
    "image": "https://pt.cat-ret.assets.lidl/catalog5media/pt/article/5902404/xs/5902404_01.jpg",
    "dateText": "09.02. - 15.02.",
    "quantityInfo": "Emb. 200 g | 1 kg = 14.95"
  },
  {
    "name": "Preparado de Carne Picada de Frango",
    "href": "/p/promocoes-de-carne/preparado-de-carne-picada-de-frango/p138564",
    "price": "2.85",
    "image": "https://pt.cat-ret.assets.lidl/catalog5media/pt/article/5902468/xs/5902468_01.jpg",
    "dateText": "a partir de 06.02.",
    "quantityInfo": "Emb. 400 g | 1 kg = 7.13"
  },
  {
    "name": "Preparado de Carne Picada de Frango",
    "href": "/p/promocoes-de-carne/preparado-de-carne-picada-de-frango/p138564",
    "price": "2.85",
    "image": "https://pt.cat-ret.assets.lidl/catalog5media/pt/article/5902468/xs/5902468_01.jpg",
    "dateText": "a partir de 06.02.",
    "quantityInfo": "Emb. 400 g | 1 kg = 7.13"
  },
  {
    "name": "Queijaria Pacheco® Queijo Serpa DOP",
    "href": "/p/vinhos-queijos-enchidos-da-nossa-terra/queijaria-pacheco-queijo-serpa-dop/p138549",
    "price": "5.79",
    "image": "https://pt.cat-ret.assets.lidl/catalog5media/pt/article/5910419/xs/5910419_01.jpg",
    "dateText": "30.01. - 12.02.",
    "quantityInfo": "Unid."
  },
  {
    "name": "Quinta da Alorna® Vinho Branco Regional Tejo Arinto e Chardonnay",
    "href": "/p/vinhos-queijos-enchidos-da-nossa-terra/quinta-da-alorna-vinho-branco-regional-tejo-arinto-e-chardonnay/p138305",
    "price": "5.49",
    "image": "https://pt.cat-ret.assets.lidl/catalog5media/pt/article/5906575/xs/5906575_01.jpg",
    "dateText": "a partir de 30.01.",
    "quantityInfo": "Garrafa 0,75 L | 1 L = 7.32"
  },
  {
    "name": "Quinta dos Açores® Queijo da Quinta Amanteigado",
    "href": "/p/promocoes-de-frescos/quinta-dos-acores-queijo-da-quinta-amanteigado/p138595",
    "price": "8.49",
    "image": "https://pt.cat-ret.assets.lidl/catalog5media/pt/article/5907947/xs/5907947_01.jpg",
    "dateText": "a partir de 09.02.",
    "quantityInfo": "Unid."
  },
  {
    "name": "Quinta dos Açores® Queijo da Quinta Amanteigado",
    "href": "/p/promocoes-de-frescos/quinta-dos-acores-queijo-da-quinta-amanteigado/p138595",
    "price": "8.49",
    "image": "https://pt.cat-ret.assets.lidl/catalog5media/pt/article/5907947/xs/5907947_01.jpg",
    "dateText": "a partir de 09.02.",
    "quantityInfo": "Unid."
  },
  {
    "name": "Reguengos® Vinho Tinto Alentejo DOC",
    "href": "/p/promocoes-de-bebidas/reguengos-vinho-tinto-alentejo-doc/p138151",
    "price": "2.59",
    "image": "https://pt.cat-ret.assets.lidl/catalog5media/pt/article/1949/xs/1949_01.jpg",
    "dateText": "06.02. - 15.02.",
    "quantityInfo": "Garrafa 0,75 L | 1 L = 3.46"
  },
  {
    "name": "Reguengos® Vinho Tinto Alentejo DOC",
    "href": "/p/promocoes-de-bebidas/reguengos-vinho-tinto-alentejo-doc/p138151",
    "price": "2.59",
    "image": "https://pt.cat-ret.assets.lidl/catalog5media/pt/article/1949/xs/1949_01.jpg",
    "dateText": "06.02. - 15.02.",
    "quantityInfo": "Garrafa 0,75 L | 1 L = 3.46"
  },
  {
    "name": "Rojões de Porco",
    "href": "/p/promocoes-de-carne/rojoes-de-porco/p138567",
    "price": "3.49",
    "image": "https://pt.cat-ret.assets.lidl/catalog5media/pt/article/2510/xs/2510_01.jpg",
    "dateText": "06.02. - 12.02.",
    "quantityInfo": "Emb. 600 g | 1 kg = 5.82"
  },
  {
    "name": "Rojões de Porco",
    "href": "/p/promocoes-de-carne/rojoes-de-porco/p138567",
    "price": "3.49",
    "image": "https://pt.cat-ret.assets.lidl/catalog5media/pt/article/2510/xs/2510_01.jpg",
    "dateText": "06.02. - 12.02.",
    "quantityInfo": "Emb. 600 g | 1 kg = 5.82"
  },
  {
    "name": "Rola® Vinho Tinto Douro DOC",
    "href": "/p/vinhos-queijos-enchidos-da-nossa-terra/rola-vinho-tinto-douro-doc/p138294",
    "price": "7.99",
    "image": "https://pt.cat-ret.assets.lidl/catalog5media/pt/article/5906036/xs/5906036_01.jpg",
    "dateText": "a partir de 30.01.",
    "quantityInfo": "Garrafa 0,75 L | 1 L = 10.66"
  },
  {
    "name": "Saborosa® Bolachas Belgas de Manteiga",
    "href": "/p/promocoes-de-mercearia/saborosa-bolachas-belgas-de-manteiga/p138606",
    "price": "1.59",
    "image": "https://pt.cat-ret.assets.lidl/catalog5media/pt/article/5902529/xs/5902529_01.jpg",
    "dateText": "09.02. - 15.02.",
    "quantityInfo": "Cada emb. 220 g | 1 kg = 7.23"
  },
  {
    "name": "Saborosa® Bolachas Belgas de Manteiga",
    "href": "/p/promocoes-de-mercearia/saborosa-bolachas-belgas-de-manteiga/p138606",
    "price": "1.59",
    "image": "https://pt.cat-ret.assets.lidl/catalog5media/pt/article/5902529/xs/5902529_01.jpg",
    "dateText": "09.02. - 15.02.",
    "quantityInfo": "Cada emb. 220 g | 1 kg = 7.23"
  },
  {
    "name": "Salmão Fresco em Posta",
    "href": "/p/promocoes-de-peixe/salmao-fresco-em-posta/p138584",
    "price": "16.99",
    "image": "https://pt.cat-ret.assets.lidl/catalog5media/pt/article/159863/xs/159863_01.jpg",
    "dateText": "09.02. - 15.02.",
    "quantityInfo": "/kg"
  },
  {
    "name": "Salmão Fresco em Posta",
    "href": "/p/promocoes-de-peixe/salmao-fresco-em-posta/p138584",
    "price": "16.99",
    "image": "https://pt.cat-ret.assets.lidl/catalog5media/pt/article/159863/xs/159863_01.jpg",
    "dateText": "09.02. - 15.02.",
    "quantityInfo": "/kg"
  },
  {
    "name": "São Braz® Vinho Tinto Regional Alentejano Premium",
    "href": "/p/vinhos-queijos-enchidos-da-nossa-terra/sao-braz-vinho-tinto-regional-alentejano-premium/p138192",
    "price": "2.99",
    "image": "https://pt.cat-ret.assets.lidl/catalog5media/pt/article/5908787/xs/5908787_01.jpg",
    "dateText": "a partir de 30.01.",
    "quantityInfo": "Garrafa 0,75 L | 1 L = 3.99"
  },
  {
    "name": "São Jorge® Queijo São Jorge DOP",
    "href": "/p/vinhos-queijos-enchidos-da-nossa-terra/sao-jorge-queijo-sao-jorge-dop/p138199",
    "price": "0.99",
    "image": "https://pt.cat-ret.assets.lidl/catalog5media/pt/article/5908945/xs/5908945_01.jpg",
    "dateText": "30.01. - 12.02.",
    "quantityInfo": "Emb. 60 g | 100 g = 1.65"
  },
  {
    "name": "Seia® Queijo de Ovelha Amanteigado Mini",
    "href": "/p/vinhos-queijos-enchidos-da-nossa-terra/seia-queijo-de-ovelha-amanteigado-mini/p138175",
    "price": "4.35",
    "image": "https://pt.cat-ret.assets.lidl/catalog5media/pt/article/5900890/xs/5900890_01.jpg",
    "dateText": "30.01. - 12.02.",
    "quantityInfo": "Unid."
  },
  {
    "name": "Sem Reservas® Vinho Tinto Regional Lisboa",
    "href": "/p/vinhos-queijos-enchidos-da-nossa-terra/sem-reservas-vinho-tinto-regional-lisboa/p138172",
    "price": "1.99",
    "image": "https://pt.cat-ret.assets.lidl/catalog5media/pt/article/5905496/xs/5905496_01.jpg",
    "dateText": "30.01. - 12.02.",
    "quantityInfo": "Garrafa 0,75 L | 1 L = 2.66"
  },
  {
    "name": "Silvercrest Kitchen Tools® Grelhador Raclette 350 W",
    "href": "/p/dia-de-sao-valentim/silvercrest-kitchen-tools-grelhador-raclette-350-w/p138326",
    "price": "17.99",
    "image": "https://pt.cat-ret.assets.lidl/catalog5media/pt/article/389952/xs/389952_06.jpg",
    "dateText": "a partir de 06.02.",
    "quantityInfo": "Cada"
  },
  {
    "name": "Silvercrest Personal Care® Aparador de Cabelo e Barba",
    "href": "/p/acessorios-e-artigos-de-casa-de-banho/silvercrest-personal-care-aparador-de-cabelo-e-barba/p138334",
    "price": "9.99",
    "image": "https://pt.cat-ret.assets.lidl/catalog5media/pt/article/398038/xs/398038_01.jpg",
    "dateText": "a partir de 06.02.",
    "quantityInfo": "Cada"
  },
  {
    "name": "Silvercrest Personal Care® Mini Massajador 2 em 1",
    "href": "/p/acessorios-e-artigos-de-casa-de-banho/silvercrest-personal-care-mini-massajador-2-em-1/p138342",
    "price": "11.99",
    "image": "https://pt.cat-ret.assets.lidl/catalog5media/pt/article/377277/xs/377277_01.jpg",
    "dateText": "a partir de 06.02.",
    "quantityInfo": "Cada"
  },
  {
    "name": "Silvercrest Personal Care® Sauna Facial 100 W",
    "href": "/p/acessorios-e-artigos-de-casa-de-banho/silvercrest-personal-care-sauna-facial-100-w/p138324",
    "price": "16.99",
    "image": "https://pt.cat-ret.assets.lidl/catalog5media/pt/article/389914/xs/389914_04.jpg",
    "dateText": "a partir de 06.02.",
    "quantityInfo": "Cada"
  },
  {
    "name": "Silvercrest Personal Care® Secador com Função de Iões 2400 W",
    "href": "/p/acessorios-e-artigos-de-casa-de-banho/silvercrest-personal-care-secador-com-funcao-de-ioes-2400-w/p138318",
    "price": "24.99",
    "image": "https://pt.cat-ret.assets.lidl/catalog5media/pt/article/377404/xs/377404_06.jpg",
    "dateText": "a partir de 06.02.",
    "quantityInfo": "Cada"
  },
  {
    "name": "Solar da Marquesa® Vinho Tinto Regional Lisboa Syrah",
    "href": "/p/vinhos-queijos-enchidos-da-nossa-terra/solar-da-marquesa-vinho-tinto-regional-lisboa-syrah/p138301",
    "price": "3.49",
    "image": "https://pt.cat-ret.assets.lidl/catalog5media/pt/article/5911326/xs/5911326_01.jpg",
    "dateText": "a partir de 30.01.",
    "quantityInfo": "Garrafa 0,75 L | 1 L = 4.66"
  },
  {
    "name": "Sossego® Vinho Tinto Regional Alentejano",
    "href": "/p/vinhos-queijos-enchidos-da-nossa-terra/sossego-vinho-tinto-regional-alentejano/p138538",
    "price": "3.99",
    "image": "https://pt.cat-ret.assets.lidl/catalog5media/pt/article/5903979/xs/5903979_01.jpg",
    "dateText": "a partir de 30.01.",
    "quantityInfo": "Garrafa 0,75 L | 1 L = 5.32"
  },
  {
    "name": "Super Bock® Cerveja Mini Pack Económico",
    "href": "/p/promocoes-de-bebidas/super-bock-cerveja-mini-pack-economico/p138628",
    "price": "9.99",
    "image": "https://pt.cat-ret.assets.lidl/catalog5media/pt/article/5676/xs/5676_05.jpg",
    "dateText": "a partir de 09.02.",
    "quantityInfo": "Pack 20x0,25 L | 1 L = 2.00"
  },
  {
    "name": "Super Bock® Cerveja Mini Pack Económico",
    "href": "/p/promocoes-de-bebidas/super-bock-cerveja-mini-pack-economico/p138628",
    "price": "9.99",
    "image": "https://pt.cat-ret.assets.lidl/catalog5media/pt/article/5676/xs/5676_05.jpg",
    "dateText": "a partir de 09.02.",
    "quantityInfo": "Pack 20x0,25 L | 1 L = 2.00"
  },
  {
    "name": "Sushi Box Familiar",
    "href": "/p/dia-de-sao-valentim/sushi-box-familiar/p138830",
    "price": "12.99",
    "image": "https://pt.cat-ret.assets.lidl/catalog5media/pt/article/5910243/xs/5910243_01.jpg",
    "dateText": "a partir de 06.02.",
    "quantityInfo": "Emb. 385 g | 1 kg = 33.75"
  },
  {
    "name": "Sushi Box Familiar",
    "href": "/p/dia-de-sao-valentim/sushi-box-familiar/p138830",
    "price": "12.99",
    "image": "https://pt.cat-ret.assets.lidl/catalog5media/pt/article/5910243/xs/5910243_01.jpg",
    "dateText": "a partir de 06.02.",
    "quantityInfo": "Emb. 385 g | 1 kg = 33.75"
  },
  {
    "name": "Tenório® Filete de Atum em Azeite",
    "href": "/p/promocoes-de-mercearia/tenorio-filete-de-atum-em-azeite/p138604",
    "price": "2.15",
    "image": "https://pt.cat-ret.assets.lidl/catalog5media/pt/article/3045/xs/3045_01.jpg",
    "dateText": "a partir de 06.02.",
    "quantityInfo": "Emb. 120 g | 1 kg = 17.92"
  },
  {
    "name": "Tenório® Filete de Atum em Azeite",
    "href": "/p/promocoes-de-mercearia/tenorio-filete-de-atum-em-azeite/p138604",
    "price": "2.15",
    "image": "https://pt.cat-ret.assets.lidl/catalog5media/pt/article/3045/xs/3045_01.jpg",
    "dateText": "a partir de 06.02.",
    "quantityInfo": "Emb. 120 g | 1 kg = 17.92"
  },
  {
    "name": "Terra do Vento® Cesto com 3 Queijos Variados",
    "href": "/p/vinhos-queijos-enchidos-da-nossa-terra/terra-do-vento-cesto-com-3-queijos-variados/p138201",
    "price": "3.19",
    "image": "https://pt.cat-ret.assets.lidl/catalog5media/pt/article/5904585/xs/5904585_01.jpg",
    "dateText": "30.01. - 12.02.",
    "quantityInfo": "Pack 3 unid."
  },
  {
    "name": "Terra do Vento® Queijo Curado de Mistura",
    "href": "/p/vinhos-queijos-enchidos-da-nossa-terra/terra-do-vento-queijo-curado-de-mistura/p138198",
    "price": "2.89",
    "image": "https://pt.cat-ret.assets.lidl/catalog5media/pt/article/2490/xs/2490_01.jpg",
    "dateText": "30.01. - 12.02.",
    "quantityInfo": "Unid."
  },
  {
    "name": "Terras do Mogadouro® Vinho Tinto Trás-os-Montes DOC",
    "href": "/p/vinhos-queijos-enchidos-da-nossa-terra/terras-do-mogadouro-vinho-tinto-tras-os-montes-doc/p138287",
    "price": "5.79",
    "image": "https://pt.cat-ret.assets.lidl/catalog5media/pt/article/5910626/xs/5910626_01.jpg",
    "dateText": "a partir de 30.01.",
    "quantityInfo": "Garrafa 0,75 L | 1 L = 7.72"
  },
  {
    "name": "Tomate Cacho Nacional",
    "href": "/p/produtos-italianos/tomate-cacho-nacional/p138647",
    "price": "1.79",
    "image": "https://pt.cat-ret.assets.lidl/catalog5media/pt/article/67/xs/67_01.jpg",
    "dateText": "06.02. - 15.02.",
    "quantityInfo": "/kg"
  },
  {
    "name": "Tomate Cacho Nacional",
    "href": "/p/produtos-italianos/tomate-cacho-nacional/p138647",
    "price": "1.79",
    "image": "https://pt.cat-ret.assets.lidl/catalog5media/pt/article/67/xs/67_01.jpg",
    "dateText": "06.02. - 15.02.",
    "quantityInfo": "/kg"
  },
  {
    "name": "Tomate Cherry Cacho Nacional",
    "href": "/p/promocoes-de-frutas-e-legumes/tomate-cherry-cacho-nacional/p138554",
    "price": "1.39",
    "image": "https://pt.cat-ret.assets.lidl/catalog5media/pt/article/82388/xs/82388_01.jpg",
    "dateText": "06.02. - 15.02.",
    "quantityInfo": "Emb. 300 g | 1 kg = 4.63"
  },
  {
    "name": "Tomate Cherry Cacho Nacional",
    "href": "/p/promocoes-de-frutas-e-legumes/tomate-cherry-cacho-nacional/p138554",
    "price": "1.39",
    "image": "https://pt.cat-ret.assets.lidl/catalog5media/pt/article/82388/xs/82388_01.jpg",
    "dateText": "06.02. - 15.02.",
    "quantityInfo": "Emb. 300 g | 1 kg = 4.63"
  },
  {
    "name": "Tons de Duorum® Vinho Tinto/ Branco Douro DOC",
    "href": "/p/vinhos-queijos-enchidos-da-nossa-terra/tons-de-duorum-vinho-tinto-branco-douro-doc/p138293",
    "price": "3.84",
    "image": "https://pt.cat-ret.assets.lidl/catalog5media/pt/article/5905620/xs/5905620_01.jpg",
    "dateText": "a partir de 30.01.",
    "quantityInfo": "Cada garrafa 0,75 L | 1 L = 5.12"
  },
  {
    "name": "Tordo® Vinho Verde Branco DOC Alvarinho",
    "href": "/p/vinhos-queijos-enchidos-da-nossa-terra/tordo-vinho-verde-branco-doc-alvarinho/p138286",
    "price": "3.99",
    "image": "https://pt.cat-ret.assets.lidl/catalog5media/pt/article/5911039/xs/5911039_02.jpg",
    "dateText": "a partir de 30.01.",
    "quantityInfo": "Garrafa 0,75 L | 1 L = 5.32"
  },
  {
    "name": "Torre de Ferro® Vinho Tinto Dão DOC Reserva",
    "href": "/p/vinhos-queijos-enchidos-da-nossa-terra/torre-de-ferro-vinho-tinto-dao-doc-reserva/p138181",
    "price": "1.99",
    "image": "https://pt.cat-ret.assets.lidl/catalog5media/pt/article/5051/xs/5051_01.jpg",
    "dateText": "30.01. - 12.02.",
    "quantityInfo": "Garrafa 0,75 L | 1 L = 2.66"
  },
  {
    "name": "Touro Negro® Vinho Tinto Regional Tejo Reserva",
    "href": "/p/vinhos-queijos-enchidos-da-nossa-terra/touro-negro-vinho-tinto-regional-tejo-reserva/p138184",
    "price": "2.99",
    "image": "https://pt.cat-ret.assets.lidl/catalog5media/pt/article/5911041/xs/5911041_01.jpg",
    "dateText": "30.01. - 12.02.",
    "quantityInfo": "Garrafa 0,75 L | 1 L = 3.99"
  },
  {
    "name": "Trinca Bolotas® Vinho Tinto Alentejo DOC",
    "href": "/p/vinhos-queijos-enchidos-da-nossa-terra/trinca-bolotas-vinho-tinto-alentejo-doc/p138189",
    "price": "5.24",
    "image": "https://pt.cat-ret.assets.lidl/catalog5media/pt/article/5902992/xs/5902992_01.jpg",
    "dateText": "30.01. - 12.02.",
    "quantityInfo": "Garrafa 0,75 L | 1 L = 6.99"
  },
  {
    "name": "Uva Branca sem Grainha Premium",
    "href": "/p/promocoes-de-frutas-e-legumes/uva-branca-sem-grainha-premium/p138556",
    "price": "1.99",
    "image": "https://pt.cat-ret.assets.lidl/catalog5media/pt/article/80532/xs/80532_01.jpg",
    "dateText": "06.02. - 15.02.",
    "quantityInfo": "Emb. 400 g | 1 kg = 4.98"
  },
  {
    "name": "Uva Branca sem Grainha Premium",
    "href": "/p/promocoes-de-frutas-e-legumes/uva-branca-sem-grainha-premium/p138556",
    "price": "1.99",
    "image": "https://pt.cat-ret.assets.lidl/catalog5media/pt/article/80532/xs/80532_01.jpg",
    "dateText": "06.02. - 15.02.",
    "quantityInfo": "Emb. 400 g | 1 kg = 4.98"
  },
  {
    "name": "Vale D. Maria® Vinho Tinto Douro DOC Superior",
    "href": "/p/vinhos-queijos-enchidos-da-nossa-terra/vale-d-maria-vinho-tinto-douro-doc-superior/p138297",
    "price": "6.99",
    "image": "https://pt.cat-ret.assets.lidl/catalog5media/pt/article/5906324/xs/5906324_01.jpg",
    "dateText": "a partir de 30.01.",
    "quantityInfo": "Garrafa 0,75 L | 1 L = 9.32"
  },
  {
    "name": "Vallado® Vinho Tinto Douro DOC",
    "href": "/p/vinhos-queijos-enchidos-da-nossa-terra/vallado-vinho-tinto-douro-doc/p138290",
    "price": "6.19",
    "image": "https://pt.cat-ret.assets.lidl/catalog5media/pt/article/5906905/xs/5906905_02.jpg",
    "dateText": "a partir de 30.01.",
    "quantityInfo": "Garrafa 0,75 L | 1 L = 8.26"
  },
  {
    "name": "Vanish® Tira Nódoas em Pó para Roupa Branca",
    "href": "/p/promocoes-de-higiene-e-limpeza/vanish-tira-nodoas-em-po-para-roupa-branca/p138641",
    "price": "10.99",
    "image": "https://pt.cat-ret.assets.lidl/catalog5media/pt/article/6602/xs/6602_01.jpg",
    "dateText": "a partir de 09.02.",
    "quantityInfo": "Emb. 1,2 kg | 1 kg = 9.16"
  },
  {
    "name": "Vanish® Tira Nódoas em Pó para Roupa Branca",
    "href": "/p/promocoes-de-higiene-e-limpeza/vanish-tira-nodoas-em-po-para-roupa-branca/p138641",
    "price": "10.99",
    "image": "https://pt.cat-ret.assets.lidl/catalog5media/pt/article/6602/xs/6602_01.jpg",
    "dateText": "a partir de 09.02.",
    "quantityInfo": "Emb. 1,2 kg | 1 kg = 9.16"
  },
  {
    "name": "Vinha do Rosário® Vinho Tinto Regional Península de Setúbal Seleção",
    "href": "/p/vinhos-queijos-enchidos-da-nossa-terra/vinha-do-rosario-vinho-tinto-regional-peninsula-de-setubal-selecao/p138186",
    "price": "2.49",
    "image": "https://pt.cat-ret.assets.lidl/catalog5media/pt/article/5904464/xs/5904464_01.jpg",
    "dateText": "30.01. - 12.02.",
    "quantityInfo": "Garrafa 0,75 L | 1 L = 3.32"
  },
  {
    "name": "Vinha do Rosário® Vinho Tinto Regional Península de Setúbal Syrah",
    "href": "/p/vinhos-queijos-enchidos-da-nossa-terra/vinha-do-rosario-vinho-tinto-regional-peninsula-de-setubal-syrah/p138534",
    "price": "2.99",
    "image": "https://pt.cat-ret.assets.lidl/catalog5media/pt/article/5903773/xs/5903773_01.jpg",
    "dateText": "a partir de 30.01.",
    "quantityInfo": "Garrafa 0,75 L | 1 L = 3.99"
  },
  {
    "name": "Vinha do Rosário® Vinho Tinto Regional Península de Setúbal Touriga Nacional/ Merlot",
    "href": "/p/vinhos-queijos-enchidos-da-nossa-terra/vinha-do-rosario-vinho-tinto-regional-peninsula-de-setubal-touriga-nacional-merlot/p138533",
    "price": "2.99",
    "image": "https://pt.cat-ret.assets.lidl/catalog5media/pt/article/5904463/xs/5904463_01.jpg",
    "dateText": "a partir de 30.01.",
    "quantityInfo": "Cada garrafa 0,75 L | 1 L = 3.99"
  },
  {
    "name": "Vitalis® Água",
    "href": "/p/promocoes-de-bebidas/vitalis-agua/p138627",
    "price": "1.39",
    "image": "https://pt.cat-ret.assets.lidl/catalog5media/pt/article/5904333/xs/5904333_01.jpg",
    "dateText": "a partir de 09.02.",
    "quantityInfo": "Garrafão 6 L | 1 L = 0.24"
  },
  {
    "name": "Vitalis® Água",
    "href": "/p/promocoes-de-bebidas/vitalis-agua/p138627",
    "price": "1.39",
    "image": "https://pt.cat-ret.assets.lidl/catalog5media/pt/article/5904333/xs/5904333_01.jpg",
    "dateText": "a partir de 09.02.",
    "quantityInfo": "Garrafão 6 L | 1 L = 0.24"
  },
  {
    "name": "Vitalmaxx® Rolo Facial Pedra Quartz",
    "href": "/p/acessorios-e-artigos-de-casa-de-banho/vitalmaxx-rolo-facial-pedra-quartz/p138348",
    "price": "14.99",
    "image": "https://pt.cat-ret.assets.lidl/catalog5media/pt/article/405731/xs/405731_02.jpg",
    "dateText": "a partir de 06.02.",
    "quantityInfo": "Cada"
  },
  {
    "name": "W5® Spray Multiusos com Lixívia",
    "href": "/p/promocoes-de-higiene-e-limpeza/w5-spray-multiusos-com-lixivia/p138640",
    "price": "1.79",
    "image": "https://pt.cat-ret.assets.lidl/catalog5media/pt/article/34781/xs/34781_01.jpg",
    "dateText": "09.02. - 15.02.",
    "quantityInfo": "Emb. 1 L"
  },
  {
    "name": "W5® Spray Multiusos com Lixívia",
    "href": "/p/promocoes-de-higiene-e-limpeza/w5-spray-multiusos-com-lixivia/p138640",
    "price": "1.79",
    "image": "https://pt.cat-ret.assets.lidl/catalog5media/pt/article/34781/xs/34781_01.jpg",
    "dateText": "09.02. - 15.02.",
    "quantityInfo": "Emb. 1 L"
  },
  {
    "name": "W5® Spray Tira Gorduras",
    "href": "/p/promocoes-de-higiene-e-limpeza/w5-spray-tira-gorduras/p138639",
    "price": "1.69",
    "image": "https://pt.cat-ret.assets.lidl/catalog5media/pt/article/8265/xs/8265_01.jpg",
    "dateText": "09.02. - 15.02.",
    "quantityInfo": "Emb. 750 ml | 1 L = 2.26"
  },
  {
    "name": "W5® Spray Tira Gorduras",
    "href": "/p/promocoes-de-higiene-e-limpeza/w5-spray-tira-gorduras/p138639",
    "price": "1.69",
    "image": "https://pt.cat-ret.assets.lidl/catalog5media/pt/article/8265/xs/8265_01.jpg",
    "dateText": "09.02. - 15.02.",
    "quantityInfo": "Emb. 750 ml | 1 L = 2.26"
  },
  {
    "name": "Wenko® Caixas em Bambu",
    "href": "/p/acessorios-e-artigos-de-casa-de-banho/wenko-caixas-em-bambu/p138312",
    "price": "5.99",
    "image": "https://pt.cat-ret.assets.lidl/catalog5media/pt/article/365300/xs/365300_010.jpg",
    "dateText": "a partir de 06.02.",
    "quantityInfo": "Cada"
  }
]