[{"name":"A Minha Padaria® Cheesecake de Frutos Vermelhos/ Bolo Brigadeiro/ Red Velvet","href":"/p/dia-de-sao-valentim/a-minha-padaria-cheesecake-de-frutos-vermelhos-bolo-brigadeiro-red-velvet/p138839","price":"5.99","image":"https://pt.cat-ret.assets.lidl/catalog5media/pt/article/5909710/xs/5909710_01.jpg","dateText":"a partir de 06.02.","quantityInfo":"Cada emb. 600 g/ 800 g | 1 kg = 9.99/ 7.49","merchant":"lidl"},{"name":"Abóbora Manteiga Nacional","href":"/p/promocoes-de-frutas-e-legumes/abobora-manteiga-nacional/p138560","price":"1.09","image":"https://pt.cat-ret.assets.lidl/catalog5media/pt/article/84612/xs/84612_01.jpg","dateText":"06.02. - 15.02.","quantityInfo":"/kg","merchant":"lidl"},{"name":"Adidas® Coffret para Homem","href":"/p/dia-de-sao-valentim/adidas-coffret-para-homem/p139208","price":"11.99","image":"https://pt.cat-ret.assets.lidl/catalog5media/pt/article/5907483/xs/5907483_01.jpg","dateText":"a partir de 06.02.","quantityInfo":"Cada emb.","merchant":"lidl"},{"name":"Alesto® Miolo de Noz","href":"/p/promocoes-de-mercearia/alesto-miolo-de-noz/p138605","price":"2.75","image":"https://pt.cat-ret.assets.lidl/catalog5media/pt/article/6252/xs/6252.jpg","dateText":"09.02. - 15.02.","quantityInfo":"Emb. 200 g | 1 kg = 13.75","merchant":"lidl"},{"name":"Alho Francês Nacional","href":"/p/promocoes-de-frutas-e-legumes/alho-frances-nacional/p138558","price":"1.39","image":"https://pt.cat-ret.assets.lidl/catalog5media/pt/article/82260/xs/82260_01.jpg","dateText":"06.02. - 15.02.","quantityInfo":"Emb. 400 g | 1 kg = 3.48","merchant":"lidl"},{"name":"Alho Seco Nacional","href":"/p/produtos-italianos/alho-seco-nacional/p138644","price":"4.99","image":"https://pt.cat-ret.assets.lidl/catalog5media/pt/article/30/xs/30_01.jpg","dateText":"06.02. - 15.02.","quantityInfo":"/kg","merchant":"lidl"},{"name":"Almôndegas de Bovino com Tomate Seco","href":"/p/produtos-italianos/almondegas-de-bovino-com-tomate-seco/p138695","price":"3.19","image":"https://pt.cat-ret.assets.lidl/catalog5media/pt/article/5903869/xs/5903869_01.jpg","dateText":"a partir de 06.02.","quantityInfo":"Emb. 350 g | 1 kg = 9.12","merchant":"lidl"},{"name":"Aparelho de Treino de Mobilidade","href":"/p/artigos-de-saude-e-bem-estar/aparelho-de-treino-de-mobilidade/p134665","price":"19.98","image":"https://pt.cat-ret.assets.lidl/catalog5media/pt/article/385318/xs/385318_01.jpg","dateText":"a partir de 13.02.","quantityInfo":"Cada","merchant":"lidl"},{"name":"Armilar® Amaretto","href":"/p/produtos-italianos/armilar-amaretto/p138679","price":"7.99","image":"https://pt.cat-ret.assets.lidl/catalog5media/pt/article/19005/xs/19005_01.jpg","dateText":"a partir de 06.02.","quantityInfo":"Garrafa 0,70 L | 1 L = 11.42","merchant":"lidl"},{"name":"Artigos selecionados Schweppes®","href":"/p/promocoes-de-bebidas/artigos-selecionados-schweppes/p138626","price":"1.24","image":"https://pt.cat-ret.assets.lidl/catalog5media/pt/article/5905489/xs/5905489_01.jpg","dateText":"09.02. - 15.02.","quantityInfo":"","merchant":"lidl"},{"name":"Auxiliares/ Acessórios de Cozinha","href":"/p/artigos-de-cozinha/auxiliares-acessorios-de-cozinha/p138454","price":"1.00","image":"https://pt.cat-ret.assets.lidl/catalog5media/pt/article/400097/xs/400097_03.jpg","dateText":"a partir de 13.02.","quantityInfo":"Cada emb.","merchant":"lidl"},{"name":"B.U® Eau de Toilette","href":"/p/dia-de-sao-valentim/b-u-eau-de-toilette/p138840","price":"9.89","image":"https://pt.cat-ret.assets.lidl/catalog5media/pt/article/5902754/xs/5902754_02.jpg","dateText":"a partir de 06.02.","quantityInfo":"50 ml","merchant":"lidl"},{"name":"Batata‑doce Amarela/ Laranja Nacional","href":"/p/promocoes-de-frutas-e-legumes/batata-doce-amarela-laranja-nacional/p138559","price":"1.49","image":"https://pt.cat-ret.assets.lidl/catalog5media/pt/article/80755/xs/80755_01.jpg","dateText":"06.02. - 15.02.","quantityInfo":"Emb. 1 kg | /kg","merchant":"lidl"},{"name":"Belbake® Açúcar Mascavado","href":"/p/promocoes-de-mercearia/belbake-acucar-mascavado/p138607","price":"1.19","image":"https://pt.cat-ret.assets.lidl/catalog5media/pt/article/5903564/xs/5903564_01.jpg","dateText":"09.02. - 15.02.","quantityInfo":"Emb. 500 g | 1 kg = 2.38","merchant":"lidl"},{"name":"Bife da Alcatra de Novilho","href":"/p/promocoes-de-carne/bife-da-alcatra-de-novilho/p138573","price":"5.69","image":"https://pt.cat-ret.assets.lidl/catalog5media/pt/article/3520/xs/3520_01.jpg","dateText":"09.02. - 15.02.","quantityInfo":"Emb. 400 g | 1 kg = 14.23","merchant":"lidl"},{"name":"Bio Curgete","href":"/p/promocoes-de-frutas-e-legumes/bio-curgete/p138562","price":"1.99","image":"https://pt.cat-ret.assets.lidl/catalog5media/pt/article/82345/xs/82345_01.jpg","dateText":"06.02. - 15.02.","quantityInfo":"Emb. 500 g | 1 kg = 3.98","merchant":"lidl"},{"name":"Bref Sonasol® Bloco Sanitário Triplo Poder Ativo","href":"/p/promocoes-de-higiene-e-limpeza/bref-sonasol-bloco-sanitario-triplo-poder-ativo/p138633","price":"4.39","image":"https://pt.cat-ret.assets.lidl/catalog5media/pt/article/217/xs/217_01.jpg","dateText":"a partir de 06.02.","quantityInfo":"Emb. 3x50 g | 1 kg = 29.27","merchant":"lidl"},{"name":"Calla em Vaso de Cerâmica","href":"/p/dia-de-sao-valentim/calla-em-vaso-de-ceramica/p138843","price":"7.99","image":"https://pt.cat-ret.assets.lidl/catalog5media/pt/article/169393/xs/169393_03.jpg","dateText":"a partir de 09.02.","quantityInfo":"Cada unid.","merchant":"lidl"},{"name":"Camarão Cozido Selvagem de Madagáscar 60/ 80","href":"/p/promocoes-de-peixe/camarao-cozido-selvagem-de-madagascar-60-80/p138582","price":"5.19","image":"https://pt.cat-ret.assets.lidl/catalog5media/pt/article/5909066/xs/5909066_01.jpg","dateText":"09.02. - 15.02.","quantityInfo":"Emb. 400 g | 1 kg = 12.98","merchant":"lidl"},{"name":"Castelo da Lapa® Espumante Meio Seco/ Bruto Rosé","href":"/p/dia-de-sao-valentim/castelo-da-lapa-espumante-meio-seco-bruto-rose/p138831","price":"2.59","image":"https://pt.cat-ret.assets.lidl/catalog5media/pt/article/1531/xs/1531_01.jpg","dateText":"06.02. - 15.02.","quantityInfo":"Cada garrafa 0,75 L | 1 L = 3.46","merchant":"lidl"},{"name":"Chalotas","href":"/p/promocoes-de-frutas-e-legumes/chalotas/p138561","price":"1.69","image":"https://pt.cat-ret.assets.lidl/catalog5media/pt/article/82833/xs/82833_01.jpg","dateText":"06.02. - 15.02.","quantityInfo":"Emb. 500 g | 1 kg = 3.38","merchant":"lidl"},{"name":"Chão de Pias® Vinho Tinto","href":"/p/promocoes-de-bebidas/chao-de-pias-vinho-tinto/p138619","price":"5.99","image":"https://pt.cat-ret.assets.lidl/catalog5media/pt/article/5904742/xs/5904742_01.jpg","dateText":"a partir de 06.02.","quantityInfo":"Emb. 5 L | 1 L = 1.20","merchant":"lidl"},{"name":"Chef Select® Massa Folhada Rectangular/ Redonda","href":"/p/promocoes-de-frescos/chef-select-massa-folhada-rectangular-redonda/p138599","price":"0.89","image":"https://pt.cat-ret.assets.lidl/catalog5media/pt/article/37529/xs/37529_01.jpg","dateText":"09.02. - 15.02.","quantityInfo":"Cada emb. 230 g/ 275 g | 1 kg = 3.87/ 3.24","merchant":"lidl"},{"name":"Chef Select® Pizza Fresca","href":"/p/produtos-italianos/chef-select-pizza-fresca/p138662","price":"2.49","image":"https://pt.cat-ret.assets.lidl/catalog5media/pt/article/3117/xs/3117_01.jpg","dateText":"06.02. - 15.02.","quantityInfo":"Emb. 375 g - 450 g | 1 kg = 6.64 - 5.54","merchant":"lidl"},{"name":"Cien® Creme/ Sérum Gold","href":"/p/promocoes-de-higiene-e-limpeza/cien-creme-serum-gold/p138637","price":"4.99","image":"https://pt.cat-ret.assets.lidl/catalog5media/pt/article/5715998/xs/5715998_01.jpg","dateText":"09.02. - 15.02.","quantityInfo":"Cada emb. 15 ml - 50 ml | 1 L = 33.27 - 9.98","merchant":"lidl"},{"name":"Compal® Néctar de Manga Madalena/ Laranja do Algarve","href":"/p/promocoes-de-bebidas/compal-nectar-de-manga-madalena-laranja-do-algarve/p138625","price":"1.35","image":"https://pt.cat-ret.assets.lidl/catalog5media/pt/article/5923/xs/5923_01.jpg","dateText":"09.02. - 15.02.","quantityInfo":"Cada emb. 1 L","merchant":"lidl"},{"name":"Coração de Berlim","href":"/p/dia-de-sao-valentim/coracao-de-berlim/p138826","price":"0.59","image":"https://pt.cat-ret.assets.lidl/catalog5media/pt/article/135472/xs/135472_01.jpg","dateText":"a partir de 06.02.","quantityInfo":"Cada unid. 65 g | 1 kg = 9.08","merchant":"lidl"},{"name":"Costeleta de Bovino","href":"/p/promocoes-de-carne/costeleta-de-bovino/p138574","price":"7.49","image":"https://pt.cat-ret.assets.lidl/catalog5media/pt/article/6500782/xs/6500782_01.jpg","dateText":"09.02. - 15.02.","quantityInfo":"Emb. 400 g | 1 kg = 18.73","merchant":"lidl"},{"name":"Coxa de Peru","href":"/p/promocoes-de-carne/coxa-de-peru/p138565","price":"5.99","image":"https://pt.cat-ret.assets.lidl/catalog5media/pt/article/5910422/xs/5910422_01.jpg","dateText":"a partir de 06.02.","quantityInfo":"/kg","merchant":"lidl"},{"name":"Cymbidium","href":"/p/dia-de-sao-valentim/cymbidium/p138845","price":"14.99","image":"https://pt.cat-ret.assets.lidl/catalog5media/pt/article/62708/xs/62708_12.jpg","dateText":"a partir de 09.02.","quantityInfo":"Cada unid.","merchant":"lidl"},{"name":"Delta® Café em Grão/ Moído Lote Chávena","href":"/p/promocoes-de-mercearia/delta-cafe-em-grao-moido-lote-chavena/p138603","price":"2.39","image":"https://pt.cat-ret.assets.lidl/catalog5media/pt/article/5906436/xs/5906436_01.jpg","dateText":"a partir de 06.02.","quantityInfo":"Emb. 250 g | 1 kg = 9.56","merchant":"lidl"},{"name":"Deluxe® Queijo Cheddar","href":"/p/promocoes-de-frescos/deluxe-queijo-cheddar/p138591","price":"2.08","image":"https://pt.cat-ret.assets.lidl/catalog5media/pt/article/5200783/xs/5200783_02.jpg","dateText":"a partir de 06.02.","quantityInfo":"Cada emb. 250 g | 1 kg = 11.96","merchant":"lidl"},{"name":"Dulano® Salsichas Estaladiças","href":"/p/promocoes-de-frescos/dulano-salsichas-estaladicas/p138598","price":"3.99","image":"https://pt.cat-ret.assets.lidl/catalog5media/pt/article/1149/xs/1149_01.jpg","dateText":"09.02. - 15.02.","quantityInfo":"Emb. 500 g | 1 kg = 7.98","merchant":"lidl"},{"name":"Entremeada de Porco","href":"/p/promocoes-de-carne/entremeada-de-porco/p138569","price":"4.89","image":"https://pt.cat-ret.assets.lidl/catalog5media/pt/article/5908635/xs/5908635_01.jpg","dateText":"09.02. - 15.02.","quantityInfo":"/kg","merchant":"lidl"},{"name":"Ernesto® Assadeira ","href":"/p/artigos-de-cozinha/ernesto-assadeira/p138452","price":"11.99","image":"https://pt.cat-ret.assets.lidl/catalog5media/pt/article/400094/xs/400094_01.jpg","dateText":"a partir de 13.02.","quantityInfo":"Cada","merchant":"lidl"},{"name":"Ernesto® Assadeira em Ferro Fundido","href":"/p/artigos-de-cozinha/ernesto-assadeira-em-ferro-fundido/p134603","price":"31.98","image":"https://pt.cat-ret.assets.lidl/catalog5media/pt/article/375604/xs/375604_01.jpg","dateText":"a partir de 13.02.","quantityInfo":"Cada","merchant":"lidl"},{"name":"Ernesto® Conjunto Recipientes de Vidro com Tampa","href":"/p/artigos-de-cozinha/ernesto-conjunto-recipientes-de-vidro-com-tampa/p138462","price":"11.99","image":"https://pt.cat-ret.assets.lidl/catalog5media/pt/article/498359/xs/498359_10.jpg","dateText":"a partir de 13.02.","quantityInfo":"Cada conj.","merchant":"lidl"},{"name":"Ernesto® Máquina para Fazer Massa","href":"/p/produtos-italianos/ernesto-maquina-para-fazer-massa/p138346","price":"21.99","image":"https://pt.cat-ret.assets.lidl/catalog5media/pt/article/385839/xs/385839_04.jpg","dateText":"a partir de 06.02.","quantityInfo":"Unid.","merchant":"lidl"},{"name":"Ernesto® Multi-cortador/ Utensílio de Cozinha 4 em 1","href":"/p/artigos-de-cozinha/ernesto-multi-cortador-utensilio-de-cozinha-4-em-1/p138464","price":"7.99","image":"https://pt.cat-ret.assets.lidl/catalog5media/pt/article/498380/xs/498380_01.jpg","dateText":"a partir de 13.02.","quantityInfo":"Cada emb.","merchant":"lidl"},{"name":"Ernesto® Ralador Multiúsos","href":"/p/artigos-de-cozinha/ernesto-ralador-multiusos/p138466","price":"7.99","image":"https://pt.cat-ret.assets.lidl/catalog5media/pt/article/498406/xs/498406_02.jpg","dateText":"a partir de 13.02.","quantityInfo":"Cada","merchant":"lidl"},{"name":"Ernesto® Termo para Refeição","href":"/p/artigos-de-cozinha/ernesto-termo-para-refeicao/p138468","price":"11.99","image":"https://pt.cat-ret.assets.lidl/catalog5media/pt/article/498408/xs/498408_01.jpg","dateText":"a partir de 13.02.","quantityInfo":"Cada","merchant":"lidl"},{"name":"Esmara® Camisola Interior com Renda para Senhora","href":"/p/artigos-de-saude-e-bem-estar/esmara-camisola-interior-com-renda-para-senhora/p138480","price":"4.99","image":"https://pt.cat-ret.assets.lidl/catalog5media/pt/article/498160/xs/498160_03.jpg","dateText":"a partir de 13.02.","quantityInfo":"Cada","merchant":"lidl"},{"name":"Esmara® Cuecas Modeladoras 2 Unid. ","href":"/p/artigos-de-saude-e-bem-estar/esmara-cuecas-modeladoras-2-unid/p138484","price":"7.99","image":"https://pt.cat-ret.assets.lidl/catalog5media/pt/article/498178/xs/498178_01.jpg","dateText":"a partir de 13.02.","quantityInfo":"Cada emb.","merchant":"lidl"},{"name":"Esmara® Meias de Descanso 40 DEN 2 Pares","href":"/p/artigos-de-saude-e-bem-estar/esmara-meias-de-descanso-40-den-2-pares/p138486","price":"2.99","image":"https://pt.cat-ret.assets.lidl/catalog5media/pt/article/499811/xs/499811_01.jpg","dateText":"a partir de 13.02.","quantityInfo":"Cada pack","merchant":"lidl"},{"name":"Esmara® Pijama para Senhora","href":"/p/artigos-de-saude-e-bem-estar/esmara-pijama-para-senhora/p138476","price":"9.99","image":"https://pt.cat-ret.assets.lidl/catalog5media/pt/article/363340/xs/363340_02.jpg","dateText":"a partir de 13.02.","quantityInfo":"Cada emb.","merchant":"lidl"},{"name":"Esmara® Sutiã com Armação","href":"/p/artigos-de-saude-e-bem-estar/esmara-sutia-com-armacao/p138482","price":"7.99","image":"https://pt.cat-ret.assets.lidl/catalog5media/pt/article/498177/xs/498177_03.jpg","dateText":"a partir de 13.02.","quantityInfo":"Cada emb.","merchant":"lidl"},{"name":"Ferrero® Ferrero Rocher/ Raffaelo/ Mon Chéri","href":"/p/dia-de-sao-valentim/ferrero-ferrero-rocher-raffaelo-mon-cheri/p139189","price":"4.49","image":"https://pt.cat-ret.assets.lidl/catalog5media/pt/article/5911195/xs/5911195_01.jpg","dateText":"a partir de 06.02.","quantityInfo":"Cada emb. 10/ 14 unid.","merchant":"lidl"},{"name":"Finish® Pastilhas para Máquina da Loiça Quantum Ultimate","href":"/p/promocoes-de-higiene-e-limpeza/finish-pastilhas-para-maquina-da-loica-quantum-ultimate/p138638","price":"9.99","image":"https://pt.cat-ret.assets.lidl/catalog5media/pt/article/6583/xs/6583_01.jpg","dateText":"a partir de 09.02.","quantityInfo":"Emb. 54 pastilhas","merchant":"lidl"},{"name":"Floralys® Papel de Cozinha","href":"/p/promocoes-de-higiene-e-limpeza/floralys-papel-de-cozinha/p138632","price":"5.19","image":"https://pt.cat-ret.assets.lidl/catalog5media/pt/article/133298/xs/133298_01.jpg","dateText":"a partir de 06.02.","quantityInfo":"Emb. 2 rolos","merchant":"lidl"},{"name":"For You® Biscoitos da Sorte","href":"/p/dia-de-sao-valentim/for-you-biscoitos-da-sorte/p138835","price":"1.99","image":"https://pt.cat-ret.assets.lidl/catalog5media/pt/article/12541/xs/12541_01.jpg","dateText":"a partir de 06.02.","quantityInfo":"Emb. 60 g | 100 g = 3.32","merchant":"lidl"},{"name":"For You® Gomas em Coração","href":"/p/dia-de-sao-valentim/for-you-gomas-em-coracao/p138836","price":"3.99","image":"https://pt.cat-ret.assets.lidl/catalog5media/pt/article/90295/xs/90295_01.jpg","dateText":"a partir de 06.02.","quantityInfo":"Emb. 500 g | 1 kg = 7.98","merchant":"lidl"},{"name":"For You® Macarons","href":"/p/dia-de-sao-valentim/for-you-macarons/p138834","price":"3.79","image":"https://pt.cat-ret.assets.lidl/catalog5media/pt/article/7406024/xs/7406024_01.jpg","dateText":"a partir de 06.02.","quantityInfo":"Emb. 6 unid.","merchant":"lidl"},{"name":"For You® Soufflé de Red Velvet","href":"/p/dia-de-sao-valentim/for-you-souffle-de-red-velvet/p138838","price":"2.99","image":"https://pt.cat-ret.assets.lidl/catalog5media/pt/article/7404926/xs/7404926_01.jpg","dateText":"a partir de 06.02.","quantityInfo":"Emb. 2x80 g | 1 kg = 18.69","merchant":"lidl"},{"name":"Formil® Detergente Especial para Roupa 41 Doses","href":"/p/promocoes-de-higiene-e-limpeza/formil-detergente-especial-para-roupa-41-doses/p138642","price":"3.39","image":"https://pt.cat-ret.assets.lidl/catalog5media/pt/article/151355/xs/151355_01.jpg","dateText":"09.02. - 15.02.","quantityInfo":"Emb. 1,5 L | 1 L = 2.26","merchant":"lidl"},{"name":"Framboesa Nacional","href":"/p/dia-de-sao-valentim/framboesa-nacional/p138829","price":"2.49","image":"https://pt.cat-ret.assets.lidl/catalog5media/pt/article/80835/xs/80835_01.jpg","dateText":"06.02. - 15.02.","quantityInfo":"Emb. 250 g | 1 kg = 9.96","merchant":"lidl"},{"name":"Frango Fresco com Miúdos","href":"/p/promocoes-de-carne/frango-fresco-com-miudos/p138571","price":"2.39","image":"https://pt.cat-ret.assets.lidl/catalog5media/pt/article/7981/xs/7981_01.jpg","dateText":"a partir de 09.02.","quantityInfo":"/kg","merchant":"lidl"},{"name":"Freeway® Refrigerante com Gás de Laranja/ Ananás","href":"/p/promocoes-de-bebidas/freeway-refrigerante-com-gas-de-laranja-ananas/p138624","price":"1.39","image":"https://pt.cat-ret.assets.lidl/catalog5media/pt/article/5709650/xs/5709650_01.jpg","dateText":"09.02. - 15.02.","quantityInfo":"Cada garrafa 2 L | 1 L = 0.70","merchant":"lidl"},{"name":"Fula® Óleo Alimentar","href":"/p/promocoes-de-mercearia/fula-oleo-alimentar/p138609","price":"7.89","image":"https://pt.cat-ret.assets.lidl/catalog5media/pt/article/5780/xs/5780_01.jpg","dateText":"a partir de 09.02.","quantityInfo":"Garrafão 3 L | 1 L = 2.63","merchant":"lidl"},{"name":"GOGO Squeez® Saquetas de Fruta Triturada","href":"/p/promocoes-de-mercearia/gogo-squeez-saquetas-de-fruta-triturada/p138602","price":"2.65","image":"https://pt.cat-ret.assets.lidl/catalog5media/pt/article/5907143/xs/5907143_01.jpg","dateText":"a partir de 06.02.","quantityInfo":"Cada pack 4x90 g | 1 kg = 7.37","merchant":"lidl"},{"name":"Golden Sun® Arroz Agulha Vaporizado XXL","href":"/p/promocoes-de-mercearia/golden-sun-arroz-agulha-vaporizado-xxl/p138608","price":"2.35","image":"https://pt.cat-ret.assets.lidl/catalog5media/pt/article/5908691/xs/5908691_01.jpg","dateText":"a partir de 09.02.","quantityInfo":"1 kg = 1.18","merchant":"lidl"},{"name":"Hambúrgueres de Bovino Tipo Italiano","href":"/p/produtos-italianos/hamburgueres-de-bovino-tipo-italiano/p138643","price":"2.99","image":"https://pt.cat-ret.assets.lidl/catalog5media/pt/article/5903877/xs/5903877_01.jpg","dateText":"a partir de 06.02.","quantityInfo":"Emb. 280 g | 1 kg = 10.68","merchant":"lidl"},{"name":"Iglo® Douradinhos de Peixe","href":"/p/promocoes-de-peixe/iglo-douradinhos-de-peixe/p138586","price":"8.99","image":"https://pt.cat-ret.assets.lidl/catalog5media/pt/article/5906684/xs/5906684_01.jpg","dateText":"a partir de 09.02.","quantityInfo":"Emb. 840 g | 1 kg = 10.71","merchant":"lidl"},{"name":"Inessance® Eau Toilette Man/ Woman","href":"/p/dia-de-sao-valentim/inessance-eau-toilette-man-woman/p139210","price":"7.49","image":"https://pt.cat-ret.assets.lidl/catalog5media/pt/article/5910009/xs/5910009_05.jpg","dateText":"a partir de 06.02.","quantityInfo":"Cada Unid.","merchant":"lidl"},{"name":"Inessance® Leçon de Séduction Coffret","href":"/p/dia-de-sao-valentim/inessance-lecon-de-seduction-coffret/p139211","price":"9.49","image":"https://pt.cat-ret.assets.lidl/catalog5media/pt/article/5910146/xs/5910146_01.jpg","dateText":"a partir de 06.02.","quantityInfo":"Cada Emb.","merchant":"lidl"},{"name":"Inessance® Mademoiselle Gold Coffret","href":"/p/dia-de-sao-valentim/inessance-mademoiselle-gold-coffret/p139212","price":"9.49","image":"https://pt.cat-ret.assets.lidl/catalog5media/pt/article/5910147/xs/5910147_01.jpg","dateText":"a partir de 06.02.","quantityInfo":"Cada Emb.","merchant":"lidl"},{"name":"Italiamo® Biscoitos de Massa Folhada com Alperce","href":"/p/produtos-italianos/italiamo-biscoitos-de-massa-folhada-com-alperce/p138678","price":"1.19","image":"https://pt.cat-ret.assets.lidl/catalog5media/pt/article/28555/xs/28555_01.jpg","dateText":"a partir de 06.02.","quantityInfo":"Emb. 200 g | 1 kg = 5.95","merchant":"lidl"},{"name":"Italiamo® Bresaola","href":"/p/produtos-italianos/italiamo-bresaola/p138651","price":"3.19","image":"https://pt.cat-ret.assets.lidl/catalog5media/pt/article/150432/xs/150432_02.jpg","dateText":"a partir de 06.02.","quantityInfo":"Emb. 70 g | 100 g = 4.56","merchant":"lidl"},{"name":"Italiamo® Burrata","href":"/p/produtos-italianos/italiamo-burrata/p138648","price":"2.79","image":"https://pt.cat-ret.assets.lidl/catalog5media/pt/article/6000486/xs/6000486_02.jpg","dateText":"a partir de 06.02.","quantityInfo":"Emb. 200 g | 1 kg = 13.95","merchant":"lidl"},{"name":"Italiamo® Calzone","href":"/p/produtos-italianos/italiamo-calzone/p138663","price":"3.29","image":"https://pt.cat-ret.assets.lidl/catalog5media/pt/article/6004715/xs/6004715_01.jpg","dateText":"a partir de 06.02.","quantityInfo":"Emb. 250 g | 1 kg = 13.16","merchant":"lidl"},{"name":"Italiamo® Esparguete Tricolor","href":"/p/produtos-italianos/italiamo-esparguete-tricolor/p138694","price":"1.79","image":"https://pt.cat-ret.assets.lidl/catalog5media/pt/article/22109/xs/22109_01.jpg","dateText":"a partir de 06.02.","quantityInfo":"Emb. 500 g | 1 kg = 3.58","merchant":"lidl"},{"name":"Italiamo® Farfalle","href":"/p/produtos-italianos/italiamo-farfalle/p138668","price":"1.59","image":"https://pt.cat-ret.assets.lidl/catalog5media/pt/article/125586/xs/125586_01.jpg","dateText":"a partir de 06.02.","quantityInfo":"Cada emb. 250 g | 1 kg = 6.36","merchant":"lidl"},{"name":"Italiamo® Focaccia com Recheio de 4 Queijos","href":"/p/produtos-italianos/italiamo-focaccia-com-recheio-de-4-queijos/p138665","price":"3.99","image":"https://pt.cat-ret.assets.lidl/catalog5media/pt/article/6001038/xs/6001038_01.jpg","dateText":"a partir de 06.02.","quantityInfo":"Emb. 330 g | 1 kg = 12.10","merchant":"lidl"},{"name":"Italiamo® Gelado Receita Italiana","href":"/p/produtos-italianos/italiamo-gelado-receita-italiana/p138674","price":"2.69","image":"https://pt.cat-ret.assets.lidl/catalog5media/pt/article/21421/xs/21421_02.jpg","dateText":"a partir de 06.02.","quantityInfo":"Cada emb. 750 ml | 1 L = 3.59","merchant":"lidl"},{"name":"Italiamo® Maccheroni al Ferreto","href":"/p/produtos-italianos/italiamo-maccheroni-al-ferreto/p138670","price":"1.79","image":"https://pt.cat-ret.assets.lidl/catalog5media/pt/article/6000313/xs/6000313_01.jpg","dateText":"a partir de 06.02.","quantityInfo":"Emb. 500 g | 1 kg = 3.58","merchant":"lidl"},{"name":"Italiamo® Mascarpone","href":"/p/produtos-italianos/italiamo-mascarpone/p138676","price":"3.39","image":"https://pt.cat-ret.assets.lidl/catalog5media/pt/article/6009179/xs/6009179_01.jpg","dateText":"a partir de 06.02.","quantityInfo":"Emb. 500 g | 1 kg = 6.78","merchant":"lidl"},{"name":"Italiamo® Massa Recheada","href":"/p/produtos-italianos/italiamo-massa-recheada/p138666","price":"2.19","image":"https://pt.cat-ret.assets.lidl/catalog5media/pt/article/6004480/xs/6004480_01.jpg","dateText":"a partir de 06.02.","quantityInfo":"Emb. 250 g | 1 kg = 8.76","merchant":"lidl"},{"name":"Italiamo® Massa Trottole Tricolor","href":"/p/produtos-italianos/italiamo-massa-trottole-tricolor/p138669","price":"1.59","image":"https://pt.cat-ret.assets.lidl/catalog5media/pt/article/39011/xs/39011_01.jpg","dateText":"a partir de 06.02.","quantityInfo":"Emb. 500 g | 1 kg = 3.18","merchant":"lidl"},{"name":"Italiamo® Mistura de Frutos Secos com Pesto","href":"/p/produtos-italianos/italiamo-mistura-de-frutos-secos-com-pesto/p138675","price":"2.99","image":"https://pt.cat-ret.assets.lidl/catalog5media/pt/article/175428/xs/175428_01.jpg","dateText":"a partir de 06.02.","quantityInfo":"Emb. 150 g | 1 kg = 19.94","merchant":"lidl"},{"name":"Italiamo® Molho Carbonara/ 4 Queijos","href":"/p/produtos-italianos/italiamo-molho-carbonara-4-queijos/p138672","price":"2.39","image":"https://pt.cat-ret.assets.lidl/catalog5media/pt/article/22470/xs/22470_02.jpg","dateText":"a partir de 06.02.","quantityInfo":"Cada emb. 340 g | 1 kg = 7.03","merchant":"lidl"},{"name":"Italiamo® Molhos para Massa","href":"/p/produtos-italianos/italiamo-molhos-para-massa/p138671","price":"1.99","image":"https://pt.cat-ret.assets.lidl/catalog5media/pt/article/87612/xs/87612_01.jpg","dateText":"a partir de 06.02.","quantityInfo":"Emb. 350 g | 1 kg = 5.69","merchant":"lidl"},{"name":"Italiamo® Mortadela de Bologna IGP","href":"/p/produtos-italianos/italiamo-mortadela-de-bologna-igp/p138653","price":"2.19","image":"https://pt.cat-ret.assets.lidl/catalog5media/pt/article/12678/xs/12678_02.jpg","dateText":"a partir de 06.02.","quantityInfo":"Emb. 150 g | 1 kg = 14.60","merchant":"lidl"},{"name":"Italiamo® Pancetta Piacentina DOP","href":"/p/produtos-italianos/italiamo-pancetta-piacentina-dop/p138652","price":"2.69","image":"https://pt.cat-ret.assets.lidl/catalog5media/pt/article/6005745/xs/6005745_01.jpg","dateText":"a partir de 06.02.","quantityInfo":"Emb. 90 g | 100 g = 2.99","merchant":"lidl"},{"name":"Italiamo® Panna Cotta com Caramelo","href":"/p/produtos-italianos/italiamo-panna-cotta-com-caramelo/p138673","price":"1.79","image":"https://pt.cat-ret.assets.lidl/catalog5media/pt/article/19109/xs/19109_01.jpg","dateText":"a partir de 06.02.","quantityInfo":"Pack 2x100 g | 1 kg = 8.95","merchant":"lidl"},{"name":"Italiamo® Pizza Familiar","href":"/p/produtos-italianos/italiamo-pizza-familiar/p138664","price":"7.99","image":"https://pt.cat-ret.assets.lidl/catalog5media/pt/article/172689/xs/172689_01.jpg","dateText":"a partir de 06.02.","quantityInfo":"Emb. 2x535 g/ 2x560 g | 1 kg = 7.47/7.14","merchant":"lidl"},{"name":"Italiamo® Queijo Provolone Dolce/ Piccante","href":"/p/produtos-italianos/italiamo-queijo-provolone-dolce-piccante/p138650","price":"2.99","image":"https://pt.cat-ret.assets.lidl/catalog5media/pt/article/6004393/xs/6004393_02.jpg","dateText":"a partir de 06.02.","quantityInfo":"Emb. 300 g | 1 kg = 9.97","merchant":"lidl"},{"name":"Italiamo® Queijo Ralado","href":"/p/produtos-italianos/italiamo-queijo-ralado/p138655","price":"3.99","image":"https://pt.cat-ret.assets.lidl/catalog5media/pt/article/6006350/xs/6006350_01.jpg","dateText":"a partir de 06.02.","quantityInfo":"Emb. 250 g | 1 kg = 15.96","merchant":"lidl"},{"name":"Italiamo® Queijo Scamorza","href":"/p/produtos-italianos/italiamo-queijo-scamorza/p138649","price":"2.99","image":"https://pt.cat-ret.assets.lidl/catalog5media/pt/article/6000885/xs/6000885_01.jpg","dateText":"a partir de 06.02.","quantityInfo":"Emb. 300 g | 1 kg = 9.97","merchant":"lidl"},{"name":"Italiamo® Salame Milano Fatiado","href":"/p/produtos-italianos/italiamo-salame-milano-fatiado/p138658","price":"2.19","image":"https://pt.cat-ret.assets.lidl/catalog5media/pt/article/97774/xs/97774_01.jpg","dateText":"a partir de 06.02.","quantityInfo":"Emb. 100 g","merchant":"lidl"},{"name":"Italiamo® Salame Ventricina","href":"/p/produtos-italianos/italiamo-salame-ventricina/p138656","price":"2.39","image":"https://pt.cat-ret.assets.lidl/catalog5media/pt/article/97775/xs/97775_02.jpg","dateText":"a partir de 06.02.","quantityInfo":"Emb. 100 g","merchant":"lidl"},{"name":"Italiamo® Salame ao Estilo Italiano","href":"/p/produtos-italianos/italiamo-salame-ao-estilo-italiano/p138659","price":"3.49","image":"https://pt.cat-ret.assets.lidl/catalog5media/pt/article/24345/xs/24345_04.jpg","dateText":"a partir de 06.02.","quantityInfo":"Cada emb. 200 g | 1 kg = 17.45","merchant":"lidl"},{"name":"Italiamo® Tiramisù","href":"/p/produtos-italianos/italiamo-tiramisu/p138677","price":"3.19","image":"https://pt.cat-ret.assets.lidl/catalog5media/pt/article/6000144/xs/6000144_01.jpg","dateText":"a partir de 06.02.","quantityInfo":"Emb. 500 g | 1 kg = 6.38","merchant":"lidl"},{"name":"Italiamo® Tomate Seco","href":"/p/produtos-italianos/italiamo-tomate-seco/p138645","price":"1.99","image":"https://pt.cat-ret.assets.lidl/catalog5media/pt/article/91438/xs/91438_01.jpg","dateText":"a partir de 06.02.","quantityInfo":"Emb. 100 g","merchant":"lidl"},{"name":"Italiamo®/ Milbona® Mozzarella para Pizza","href":"/p/produtos-italianos/italiamo-milbona-mozzarella-para-pizza/p138657","price":"3.39","image":"https://pt.cat-ret.assets.lidl/catalog5media/pt/article/25490/xs/25490_03.jpg","dateText":"a partir de 06.02.","quantityInfo":"Emb. 400 g | 1 kg = 8.48","merchant":"lidl"},{"name":"L'Oréal® Coffret Hydra Energetic","href":"/p/dia-de-sao-valentim/l-oreal-coffret-hydra-energetic/p139209","price":"14.89","image":"https://pt.cat-ret.assets.lidl/catalog5media/pt/article/5908602/xs/5908602_01.jpg","dateText":"a partir de 06.02.","quantityInfo":"Cada emb.","merchant":"lidl"},{"name":"Laranja - Citrinos do Algarve IGP","href":"/p/promocoes-de-frutas-e-legumes/laranja-citrinos-do-algarve-igp/p138553","price":"2.49","image":"https://pt.cat-ret.assets.lidl/catalog5media/pt/article/80143/xs/80143_01.jpg","dateText":"06.02. - 15.02.","quantityInfo":"Emb. 3 kg | 1 kg = 0.83","merchant":"lidl"},{"name":"Livergy® Pijama para Homem","href":"/p/artigos-de-saude-e-bem-estar/livergy-pijama-para-homem/p138478","price":"13.99","image":"https://pt.cat-ret.assets.lidl/catalog5media/pt/article/498132/xs/498132_01.jpg","dateText":"a partir de 13.02.","quantityInfo":"Cada","merchant":"lidl"},{"name":"Lombinhos de Frango","href":"/p/promocoes-de-carne/lombinhos-de-frango/p138570","price":"2.99","image":"https://pt.cat-ret.assets.lidl/catalog5media/pt/article/5902470/xs/5902470_01.jpg","dateText":"09.02. - 15.02.","quantityInfo":"Emb. 450 g | 1 kg = 6.65","merchant":"lidl"},{"name":"Maçã Pink Lady","href":"/p/dia-de-sao-valentim/maca-pink-lady/p138827","price":"2.39","image":"https://pt.cat-ret.assets.lidl/catalog5media/pt/article/80214/xs/80214_01.jpg","dateText":"06.02. - 15.02.","quantityInfo":"/kg","merchant":"lidl"},{"name":"Medisana® Dispositivo médico Inalador IN 500","href":"/p/artigos-de-saude-e-bem-estar/medisana-dispositivo-medico-inalador-in-500/p135526","price":"34.99","image":"https://pt.cat-ret.assets.lidl/catalog5media/pt/article/377431/xs/377431_01.jpg","dateText":"a partir de 13.02.","quantityInfo":"Cada","merchant":"lidl"},{"name":"Mimosa® Manteiga Magra","href":"/p/promocoes-de-frescos/mimosa-manteiga-magra/p138594","price":"2.14","image":"https://pt.cat-ret.assets.lidl/catalog5media/pt/article/2871/xs/2871_01.jpg","dateText":"a partir de 09.02.","quantityInfo":"Emb. 250 g | 1 kg = 8.56","merchant":"lidl"},{"name":"Mix de Cogumelos Baby Nacional","href":"/p/produtos-italianos/mix-de-cogumelos-baby-nacional/p138654","price":"2.99","image":"https://pt.cat-ret.assets.lidl/catalog5media/pt/article/83049/xs/83049_01.jpg","dateText":"06.02. - 15.02.","quantityInfo":"Emb. 300 g | 1 kg = 9.97","merchant":"lidl"},{"name":"Mix de Valentim em Vaso","href":"/p/dia-de-sao-valentim/mix-de-valentim-em-vaso/p138841","price":"5.99","image":"https://pt.cat-ret.assets.lidl/catalog5media/pt/article/58376/xs/58376_01.jpg","dateText":"a partir de 09.02.","quantityInfo":"Cada unid.","merchant":"lidl"},{"name":"Mondos® Preservativos","href":"/p/dia-de-sao-valentim/mondos-preservativos/p138837","price":"2.99","image":"https://pt.cat-ret.assets.lidl/catalog5media/pt/article/8089/xs/8089_03.jpg","dateText":"06.02. - 15.02.","quantityInfo":"Cada emb. 12 unid.","merchant":"lidl"},{"name":"Monissa® Chamuças de Carne/ Vegetais","href":"/p/promocoes-de-frescos/monissa-chamucas-de-carne-vegetais/p138597","price":"1.89","image":"https://pt.cat-ret.assets.lidl/catalog5media/pt/article/7298/xs/7298_01.jpg","dateText":"09.02. - 15.02.","quantityInfo":"Cada emb. 6x40 g | 1 kg = 7.88","merchant":"lidl"},{"name":"Namorico® Vinho Branco Frisante","href":"/p/dia-de-sao-valentim/namorico-vinho-branco-frisante/p138832","price":"1.59","image":"https://pt.cat-ret.assets.lidl/catalog5media/pt/article/5908902/xs/5908902.jpg","dateText":"06.02. - 15.02.","quantityInfo":"Garrafa 0,75 L | 1 L = 2.12","merchant":"lidl"},{"name":"Nivea® Coffret para Senhora Lata","href":"/p/dia-de-sao-valentim/nivea-coffret-para-senhora-lata/p139204","price":"12.99","image":"https://pt.cat-ret.assets.lidl/catalog5media/pt/article/1870/xs/1870_01.jpg","dateText":"a partir de 06.02.","quantityInfo":"Cada emb.","merchant":"lidl"},{"name":"Nivea® Conjunto para Homem Protect & Care","href":"/p/dia-de-sao-valentim/nivea-conjunto-para-homem-protect-care/p139188","price":"14.99","image":"https://pt.cat-ret.assets.lidl/catalog5media/pt/article/5904944/xs/5904944_04.jpg","dateText":"a partir de 06.02.","quantityInfo":"Cada emb.","merchant":"lidl"},{"name":"Nivea® Conjunto para Homem Sensitive","href":"/p/dia-de-sao-valentim/nivea-conjunto-para-homem-sensitive/p139205","price":"15.99","image":"https://pt.cat-ret.assets.lidl/catalog5media/pt/article/4347/xs/4347_03.jpg","dateText":"a partir de 06.02.","quantityInfo":"Cada emb.","merchant":"lidl"},{"name":"Nivea® Conjunto para Senhora Pele Sensível","href":"/p/dia-de-sao-valentim/nivea-conjunto-para-senhora-pele-sensivel/p139207","price":"14.99","image":"https://pt.cat-ret.assets.lidl/catalog5media/pt/article/5907469/xs/5907469_03.jpg","dateText":"a partir de 06.02.","quantityInfo":"Cada emb.","merchant":"lidl"},{"name":"Nivea® Pack Oferta para Homem Cool Fresh","href":"/p/dia-de-sao-valentim/nivea-pack-oferta-para-homem-cool-fresh/p139206","price":"9.99","image":"https://pt.cat-ret.assets.lidl/catalog5media/pt/article/5901444/xs/5901444_02.jpg","dateText":"a partir de 06.02.","quantityInfo":"Cada emb.","merchant":"lidl"},{"name":"Ocean Sea® Filetes de Paloco","href":"/p/promocoes-de-peixe/ocean-sea-filetes-de-paloco/p138580","price":"5.49","image":"https://pt.cat-ret.assets.lidl/catalog5media/pt/article/3254/xs/3254_01.jpg","dateText":"09.02. - 15.02.","quantityInfo":"Emb. 900 g | 1 kg = 6.10","merchant":"lidl"},{"name":"Ocean Sea® Lula Limpa XXL","href":"/p/promocoes-de-peixe/ocean-sea-lula-limpa-xxl/p138581","price":"8.79","image":"https://pt.cat-ret.assets.lidl/catalog5media/pt/article/5906603/xs/5906603_01.jpg","dateText":"a partir de 09.02.","quantityInfo":"","merchant":"lidl"},{"name":"Ocean Sea® Postas de Pescada do Cabo","href":"/p/promocoes-de-peixe/ocean-sea-postas-de-pescada-do-cabo/p138585","price":"6.29","image":"https://pt.cat-ret.assets.lidl/catalog5media/pt/article/5707451/xs/5707451_01.jpg","dateText":"09.02. - 15.02.","quantityInfo":"Emb. 1 kg","merchant":"lidl"},{"name":"Orquídea em Vaso de Cerâmica","href":"/p/dia-de-sao-valentim/orquidea-em-vaso-de-ceramica/p138844","price":"10.99","image":"https://pt.cat-ret.assets.lidl/catalog5media/pt/article/62738/xs/62738_01.jpg","dateText":"a partir de 09.02.","quantityInfo":"Cada unid.","merchant":"lidl"},{"name":"Osso Buco","href":"/p/produtos-italianos/osso-buco/p138646","price":"7.99","image":"https://pt.cat-ret.assets.lidl/catalog5media/pt/article/5907582/xs/5907582_01.jpg","dateText":"a partir de 06.02.","quantityInfo":"/kg","merchant":"lidl"},{"name":"Papaia","href":"/p/promocoes-de-frutas-e-legumes/papaia/p138557","price":"3.69","image":"https://pt.cat-ret.assets.lidl/catalog5media/pt/article/80730/xs/80730_01.jpg","dateText":"06.02. - 15.02.","quantityInfo":"/ kg","merchant":"lidl"},{"name":"Pão de Mistura da Baviera","href":"/p/promocoes-de-frescos/pao-de-mistura-da-baviera/p138593","price":"0.79","image":"https://pt.cat-ret.assets.lidl/catalog5media/pt/article/5905117/xs/5905117_01.jpg","dateText":"09.02. - 15.02.","quantityInfo":"Unid. 400 g | 1 kg = 1.98","merchant":"lidl"},{"name":"Pera Rocha do Oeste DOP","href":"/p/promocoes-de-frutas-e-legumes/pera-rocha-do-oeste-dop/p138555","price":"1.69","image":"https://pt.cat-ret.assets.lidl/catalog5media/pt/article/80281/xs/80281_01.jpg","dateText":"06.02. - 15.02.","quantityInfo":"/ kg","merchant":"lidl"},{"name":"Pescanova® Mimos de Pescada","href":"/p/promocoes-de-peixe/pescanova-mimos-de-pescada/p138578","price":"3.69","image":"https://pt.cat-ret.assets.lidl/catalog5media/pt/article/7265/xs/7265_01.jpg","dateText":"a partir de 06.02.","quantityInfo":"Emb. 360 g | 1 kg = 10.25","merchant":"lidl"},{"name":"Phalaenopsis 50 cm","href":"/p/dia-de-sao-valentim/phalaenopsis-50-cm/p138842","price":"9.99","image":"https://pt.cat-ret.assets.lidl/catalog5media/pt/article/77724/xs/77724_03.jpg","dateText":"a partir de 09.02.","quantityInfo":"Cada unid.","merchant":"lidl"},{"name":"Preguinho de Novilho","href":"/p/promocoes-de-carne/preguinho-de-novilho/p138572","price":"2.99","image":"https://pt.cat-ret.assets.lidl/catalog5media/pt/article/5902404/xs/5902404_01.jpg","dateText":"09.02. - 15.02.","quantityInfo":"Emb. 200 g | 1 kg = 14.95","merchant":"lidl"},{"name":"Preparado de Carne Picada de Frango","href":"/p/promocoes-de-carne/preparado-de-carne-picada-de-frango/p138564","price":"2.85","image":"https://pt.cat-ret.assets.lidl/catalog5media/pt/article/5902468/xs/5902468_01.jpg","dateText":"a partir de 06.02.","quantityInfo":"Emb. 400 g | 1 kg = 7.13","merchant":"lidl"},{"name":"Quinta dos Açores® Queijo da Quinta Amanteigado","href":"/p/promocoes-de-frescos/quinta-dos-acores-queijo-da-quinta-amanteigado/p138595","price":"8.49","image":"https://pt.cat-ret.assets.lidl/catalog5media/pt/article/5907947/xs/5907947_01.jpg","dateText":"a partir de 09.02.","quantityInfo":"Unid.","merchant":"lidl"},{"name":"Ridder® Aplicador de Creme/ Base Pedicure","href":"/p/artigos-de-saude-e-bem-estar/ridder-aplicador-de-creme-base-pedicure/p138470","price":"7.99","image":"https://pt.cat-ret.assets.lidl/catalog5media/pt/article/499120/xs/499120_01.jpg","dateText":"a partir de 13.02.","quantityInfo":"Cada","merchant":"lidl"},{"name":"Ridder® Assento de Banheira/ Banco Duche/ Base para Pés","href":"/p/artigos-de-saude-e-bem-estar/ridder-assento-de-banheira-banco-duche-base-para-pes/p138430","price":"24.99","image":"https://pt.cat-ret.assets.lidl/catalog5media/pt/article/377328/xs/377328_01.jpg","dateText":"a partir de 13.02.","quantityInfo":"Cada","merchant":"lidl"},{"name":"Ridder® Pinça de Auxílio/ Bengala","href":"/p/artigos-de-saude-e-bem-estar/ridder-pinca-de-auxilio-bengala/p138472","price":"7.99","image":"https://pt.cat-ret.assets.lidl/catalog5media/pt/article/499130/xs/499130_02.jpg","dateText":"a partir de 13.02.","quantityInfo":"Cada","merchant":"lidl"},{"name":"Saborosa® Bolachas Belgas de Manteiga","href":"/p/promocoes-de-mercearia/saborosa-bolachas-belgas-de-manteiga/p138606","price":"1.59","image":"https://pt.cat-ret.assets.lidl/catalog5media/pt/article/5902529/xs/5902529_01.jpg","dateText":"09.02. - 15.02.","quantityInfo":"Cada emb. 220 g | 1 kg = 7.23","merchant":"lidl"},{"name":"Salmão Fresco em Posta","href":"/p/promocoes-de-peixe/salmao-fresco-em-posta/p138584","price":"16.99","image":"https://pt.cat-ret.assets.lidl/catalog5media/pt/article/159863/xs/159863_01.jpg","dateText":"09.02. - 15.02.","quantityInfo":"/kg","merchant":"lidl"},{"name":"Sensiplast® Dispositivo médico Cinta de Apoio Lombar","href":"/p/artigos-de-saude-e-bem-estar/sensiplast-dispositivo-medico-cinta-de-apoio-lombar/p138440","price":"5.99","image":"https://pt.cat-ret.assets.lidl/catalog5media/pt/article/391902/xs/391902_01.jpg","dateText":"a partir de 13.02.","quantityInfo":"Cada","merchant":"lidl"},{"name":"Sensiplast® Dispositivo médico Meia Elástica para Tornozelo","href":"/p/artigos-de-saude-e-bem-estar/sensiplast-dispositivo-medico-meia-elastica-para-tornozelo/p138446","price":"3.99","image":"https://pt.cat-ret.assets.lidl/catalog5media/pt/article/391907/xs/391907_01.jpg","dateText":"a partir de 13.02.","quantityInfo":"Cada","merchant":"lidl"},{"name":"Sensiplast® Dispositivo médico Proteção para Joelho","href":"/p/artigos-de-saude-e-bem-estar/sensiplast-dispositivo-medico-protecao-para-joelho/p138444","price":"4.99","image":"https://pt.cat-ret.assets.lidl/catalog5media/pt/article/391905/xs/391905_01.jpg","dateText":"a partir de 13.02.","quantityInfo":"Cada","merchant":"lidl"},{"name":"Sensiplast® Dispositivo médico Proteção para Pulso","href":"/p/artigos-de-saude-e-bem-estar/sensiplast-dispositivo-medico-protecao-para-pulso/p138442","price":"3.99","image":"https://pt.cat-ret.assets.lidl/catalog5media/pt/article/391904/xs/391904_01.jpg","dateText":"a partir de 13.02.","quantityInfo":"Cada","merchant":"lidl"},{"name":"Silvercrest Kitchen Tools® Conjunto de Batedeira 300 W","href":"/p/artigos-de-cozinha/silvercrest-kitchen-tools-conjunto-de-batedeira-300-w/p138432","price":"34.99","image":"https://pt.cat-ret.assets.lidl/catalog5media/pt/article/389771/xs/389771_01.jpg","dateText":"a partir de 13.02.","quantityInfo":"Cada conj.","merchant":"lidl"},{"name":"Silvercrest Kitchen Tools® Espremedor de Citrinos","href":"/p/artigos-de-cozinha/silvercrest-kitchen-tools-espremedor-de-citrinos/p138450","price":"24.99","image":"https://pt.cat-ret.assets.lidl/catalog5media/pt/article/393267/xs/393267_01.jpg","dateText":"a partir de 13.02.","quantityInfo":"Cada","merchant":"lidl"},{"name":"Silvercrest Kitchen Tools® Fervedor de Água 3000W","href":"/p/artigos-de-cozinha/silvercrest-kitchen-tools-fervedor-de-agua-3000w/p138428","price":"19.99","image":"https://pt.cat-ret.assets.lidl/catalog5media/pt/article/374274/xs/374274_03.jpg","dateText":"a partir de 13.02.","quantityInfo":"Cada","merchant":"lidl"},{"name":"Silvercrest Kitchen Tools® Fritadeira de Ar Quente 2150 W","href":"/p/artigos-de-cozinha/silvercrest-kitchen-tools-fritadeira-de-ar-quente-2150-w/p134905","price":"99.99","image":"https://pt.cat-ret.assets.lidl/catalog5media/pt/article/389885/xs/389885_04.jpg","dateText":"a partir de 13.02.","quantityInfo":"Cada","merchant":"lidl"},{"name":"Silvercrest Kitchen Tools® Grelhador Elétrico 2000 W","href":"/p/artigos-de-cozinha/silvercrest-kitchen-tools-grelhador-eletrico-2000-w/p138474","price":"49.99","image":"https://pt.cat-ret.assets.lidl/catalog5media/pt/article/385923/xs/385923_03.jpg","dateText":"a partir de 13.02.","quantityInfo":"Cada","merchant":"lidl"},{"name":"Silvercrest Kitchen Tools® Máquina de Café Expresso 1050 W","href":"/p/artigos-de-cozinha/silvercrest-kitchen-tools-maquina-de-cafe-expresso-1050-w/p123570","price":"63.98","image":"https://pt.cat-ret.assets.lidl/catalog5media/pt/article/384726/xs/384726_05.jpg","dateText":"a partir de 13.02.","quantityInfo":"Cada","merchant":"lidl"},{"name":"Silvercrest Personal Care® Almofada de Massagem Shiatsu para Nuca/ Costas","href":"/p/artigos-de-saude-e-bem-estar/silvercrest-personal-care-almofada-de-massagem-shiatsu-para-nuca-costas/p138460","price":"34.99","image":"https://pt.cat-ret.assets.lidl/catalog5media/pt/article/498165/xs/498165_05.jpg","dateText":"a partir de 13.02.","quantityInfo":"Cada","merchant":"lidl"},{"name":"Silvercrest® Balança de Diagnóstico com Bluetooth®","href":"/p/artigos-de-saude-e-bem-estar/silvercrest-balanca-de-diagnostico-com-bluetooth/p138448","price":"24.99","image":"https://pt.cat-ret.assets.lidl/catalog5media/pt/article/391910/xs/391910_02.jpg","dateText":"a partir de 13.02.","quantityInfo":"Cada","merchant":"lidl"},{"name":"Silvercrest® Dispositivo médico Medidor de Tensão com Bluetooth®","href":"/p/artigos-de-saude-e-bem-estar/silvercrest-dispositivo-medico-medidor-de-tensao-com-bluetooth/p138438","price":"29.99","image":"https://pt.cat-ret.assets.lidl/catalog5media/pt/article/391897/xs/391897_01.jpg","dateText":"a partir de 13.02.","quantityInfo":"Cada","merchant":"lidl"},{"name":"Silvercrest® Dispositivo médico Pulsoxímetro com Bluetooth®","href":"/p/artigos-de-saude-e-bem-estar/silvercrest-dispositivo-medico-pulsoximetro-com-bluetooth/p138436","price":"27.99","image":"https://pt.cat-ret.assets.lidl/catalog5media/pt/article/391894/xs/391894_02.jpg","dateText":"a partir de 13.02.","quantityInfo":"Cada","merchant":"lidl"},{"name":"Silvercrest® Dispositivo médico Termómetro Multifunções com Bluetooth®","href":"/p/artigos-de-saude-e-bem-estar/silvercrest-dispositivo-medico-termometro-multifuncoes-com-bluetooth/p138426","price":"19.99","image":"https://pt.cat-ret.assets.lidl/catalog5media/pt/article/360012/xs/360012_02.jpg","dateText":"a partir de 13.02.","quantityInfo":"Cada","merchant":"lidl"},{"name":"Silvercrest® Medidor de Atividade com Bluetooth®","href":"/p/artigos-de-saude-e-bem-estar/silvercrest-medidor-de-atividade-com-bluetooth/p138434","price":"29.99","image":"https://pt.cat-ret.assets.lidl/catalog5media/pt/article/391891/xs/391891_04.jpg","dateText":"a partir de 13.02.","quantityInfo":"Cada","merchant":"lidl"},{"name":"Super Bock® Cerveja Mini Pack Económico","href":"/p/promocoes-de-bebidas/super-bock-cerveja-mini-pack-economico/p138628","price":"9.99","image":"https://pt.cat-ret.assets.lidl/catalog5media/pt/article/5676/xs/5676_05.jpg","dateText":"a partir de 09.02.","quantityInfo":"Pack 20x0,25 L | 1 L = 2.00","merchant":"lidl"},{"name":"Sushi Box Familiar","href":"/p/dia-de-sao-valentim/sushi-box-familiar/p138830","price":"12.99","image":"https://pt.cat-ret.assets.lidl/catalog5media/pt/article/5910243/xs/5910243_01.jpg","dateText":"a partir de 06.02.","quantityInfo":"Emb. 385 g | 1 kg = 33.75","merchant":"lidl"},{"name":"Tenório® Filete de Atum em Azeite","href":"/p/promocoes-de-mercearia/tenorio-filete-de-atum-em-azeite/p138604","price":"2.15","image":"https://pt.cat-ret.assets.lidl/catalog5media/pt/article/3045/xs/3045_01.jpg","dateText":"a partir de 06.02.","quantityInfo":"Emb. 120 g | 1 kg = 17.92","merchant":"lidl"},{"name":"Tomate Cacho Nacional","href":"/p/produtos-italianos/tomate-cacho-nacional/p138647","price":"1.79","image":"https://pt.cat-ret.assets.lidl/catalog5media/pt/article/67/xs/67_01.jpg","dateText":"06.02. - 15.02.","quantityInfo":"/kg","merchant":"lidl"},{"name":"Tomate Cherry Cacho Nacional","href":"/p/promocoes-de-frutas-e-legumes/tomate-cherry-cacho-nacional/p138554","price":"1.39","image":"https://pt.cat-ret.assets.lidl/catalog5media/pt/article/82388/xs/82388_01.jpg","dateText":"06.02. - 15.02.","quantityInfo":"Emb. 300 g | 1 kg = 4.63","merchant":"lidl"},{"name":"Tronic® Pilhas para Aparelho Auditivo","href":"/p/artigos-de-saude-e-bem-estar/tronic-pilhas-para-aparelho-auditivo/p138456","price":"1.99","image":"https://pt.cat-ret.assets.lidl/catalog5media/pt/article/423207/xs/423207_01.jpg","dateText":"a partir de 13.02.","quantityInfo":"Cada emb.","merchant":"lidl"},{"name":"Umbro® Energy Coffret para Homem","href":"/p/dia-de-sao-valentim/umbro-energy-coffret-para-homem/p139213","price":"9.99","image":"https://pt.cat-ret.assets.lidl/catalog5media/pt/article/5911201/xs/5911201_01.jpg","dateText":"a partir de 06.02.","quantityInfo":"Cada Emb.","merchant":"lidl"},{"name":"Umbro® Ice Coffret para Homem","href":"/p/dia-de-sao-valentim/umbro-ice-coffret-para-homem/p139214","price":"9.99","image":"https://pt.cat-ret.assets.lidl/catalog5media/pt/article/5911202/xs/5911202_01.jpg","dateText":"a partir de 06.02.","quantityInfo":"Cada Emb.","merchant":"lidl"},{"name":"Uva Branca sem Grainha Premium","href":"/p/promocoes-de-frutas-e-legumes/uva-branca-sem-grainha-premium/p138556","price":"1.99","image":"https://pt.cat-ret.assets.lidl/catalog5media/pt/article/80532/xs/80532_01.jpg","dateText":"06.02. - 15.02.","quantityInfo":"Emb. 400 g | 1 kg = 4.98","merchant":"lidl"},{"name":"Vanish® Tira Nódoas em Pó para Roupa Branca","href":"/p/promocoes-de-higiene-e-limpeza/vanish-tira-nodoas-em-po-para-roupa-branca/p138641","price":"10.99","image":"https://pt.cat-ret.assets.lidl/catalog5media/pt/article/6602/xs/6602_01.jpg","dateText":"a partir de 09.02.","quantityInfo":"Emb. 1,2 kg | 1 kg = 9.16","merchant":"lidl"},{"name":"Vitalis® Água","href":"/p/promocoes-de-bebidas/vitalis-agua/p138627","price":"1.39","image":"https://pt.cat-ret.assets.lidl/catalog5media/pt/article/5904333/xs/5904333_01.jpg","dateText":"a partir de 09.02.","quantityInfo":"Garrafão 6 L | 1 L = 0.24","merchant":"lidl"},{"name":"W5® Spray Multiusos com Lixívia","href":"/p/promocoes-de-higiene-e-limpeza/w5-spray-multiusos-com-lixivia/p138640","price":"1.79","image":"https://pt.cat-ret.assets.lidl/catalog5media/pt/article/34781/xs/34781_01.jpg","dateText":"09.02. - 15.02.","quantityInfo":"Emb. 1 L","merchant":"lidl"},{"name":"W5® Spray Tira Gorduras","href":"/p/promocoes-de-higiene-e-limpeza/w5-spray-tira-gorduras/p138639","price":"1.69","image":"https://pt.cat-ret.assets.lidl/catalog5media/pt/article/8265/xs/8265_01.jpg","dateText":"09.02. - 15.02.","quantityInfo":"Emb. 750 ml | 1 L = 2.26","merchant":"lidl"},{"name":"Weinberger® Barra de Apoio para Cama","href":"/p/artigos-de-saude-e-bem-estar/weinberger-barra-de-apoio-para-cama/p138458","price":"34.99","image":"https://pt.cat-ret.assets.lidl/catalog5media/pt/article/424290/xs/424290_01.jpg","dateText":"a partir de 13.02.","quantityInfo":"Cada","merchant":"lidl"}]